3300 5059
292 1214 384 1336 lnter
411 1287 522 1331 omnes
545 1272 672 1331 constat
692 1271 804 1349 poetas
833 1265 885 1329 vel
907 1267 1078 1350 scriptores
1101 1286 1331 1351 saepenumero
1353 1263 1392 1327 li·

202 1380 326 1443 centius
354 1400 374 1442 a
400 1376 525 1460 vulgari
551 1375 723 1440 verborum
750 1381 912 1439 structura
938 1377 1118 1440 recessisse.
1164 1373 1267 1451 Quam
1289 1376 1392 1438 varie-

202 1494 302 1548 tatem
335 1481 483 1547 omnibus
516 1480 584 1543 fere
617 1480 696 1545 locis
729 1478 805 1544 inde
840 1479 1062 1564 explicandam
1099 1500 1169 1543 esse
1201 1479 1393 1564 pervulgata

197 1590 343 1669 ¹uirorum
377 1585 544 1650 doctorum
578 1584 661 1648 solet
694 1583 801 1669 opinio
836 1605 915 1668 esse,
950 1583 1036 1667 quod
1070 1605 1184 1648 sensus
1217 1583 1308 1646 verbi
1342 1583 1393 1647 vel

204 1697 416 1756 commutatus
438 1689 490 1772 vel
512 1687 724 1773 amplificatus
746 1710 862 1752 novam
880 1687 1043 1772 quandam
1066 1694 1259 1753 structuram
1281 1693 1392 1771 postu·

204 1795 295 1859 laret.
341 1792 400 1857 Cui
422 1792 614 1877 explanandi
637 1794 753 1857 rationi
775 1814 931 1877 persaepe
954 1792 1144 1876 adstipulari
1166 1812 1230 1856 non
1252 1812 1392 1877 possum.

203 1898 285 1963 Nam
317 1897 391 1962 inde
428 1896 529 1982 qued,
570 1898 716 1980 quamvis
749 1897 967 1981 metaphorice
1006 1896 1177 1961 cuiuslibet
1216 1897 1394 1960 sententiae

202 2000 427 2089 exprimendae
450 2021 547 2065 causa
570 1999 716 2064 adhibita
738 2001 801 2065 sint
824 2000 932 2075 verba,
961 2008 1122 2065 structura
1142 2007 1252 2064 tamen
1274 2000 1393 2063 usitata

201 2108 323 2171 servari
346 2106 437 2189 solet,
466 2103 720 2169 concludendum
748 2126 817 2169 esse
848 2127 963 2170 censeo
990 2127 1055 2169 non
1081 2112 1148 2169 tam
1175 2110 1298 2168 mutato
1321 2125 1392 2167 ver·

200 2212 316 2276 borum
349 2231 445 2274 sensu
479 2209 562 2273 effici
594 2215 631 2272 ut
652 2229 748 2273 -nova
782 2215 945 2274 structura
978 2216 1126 2294 ponatur,
1162 2229 1259 2292 quam
1292 2226 1394 2272 novae

202 2321 381 2379 structurae
402 2315 566 2378 notionem
587 2335 645 2397 per
668 2314 828 2397 seipsam
851 2336 871 2378 a
892 2315 995 2396 poetis
1019 2314 1193 2399 expetitam
1216 2334 1295 2376 esse.
1328 2311 1392 2375 Ac·

202 2421 341 2485 curatius
363 2419 461 2503 igitur
475 2415 591 2501 quibus
616 2416 655 2481 de
678 2419 784 2482 causis
802 2424 916 2501 poetae
938 2419 1047 2482 tritam
1070 2419 1224 2482 sermonis
1247 2416 1393 2480 semitam

203 2522 388 2606 reliquerint
411 2541 565 2606 quaerere
588 2522 738 2586 constitui
754 2519 921 2605 Sophoclis
944 2520 1137 2605 quibusdam
1158 2521 1237 2586 locis
1259 2519 1393 2599 selectis,

202 2629 234 2690 in
261 2625 378 2711 quibus
404 2623 581 2690 tractandis
608 2624 790 2708 exemplum
817 2623 940 2689 edatur.
994 2622 1164 2710 Sophoclei
1191 2630 1299 2688 autem
1327 2645 1394 2687 ser·

202 2732 305 2794 monis
328 2729 490 2794 licentiam
511 2729 698 2813 priusquam
725 2738 909 2814 perscruter
936 2735 969 2793 et
994 2728 1161 2802 illustrem,
1191 2750 1208 2791 e
1234 2727 1395 2811 prioribus

204 2833 410 2919 scriptoribus
437 2854 541 2918 pauca
568 2831 726 2914 delibabo,
761 2832 847 2896 unde
875 2833 961 2898 facili
995 2854 1093 2919 opera
1120 2830 1328 2914 discernatur,
1362 2834 1394 2894 in

205 2936 364 3001 variandis
384 2937 556 3001 verborum
578 2937 746 3001 structuris
762 2943 870 3002 utrum
893 2958 1011 3001 novam
1026 2935 1189 3020 quandam
1203 2937 1395 3000 inauditam-

202 3063 266 3125 que
293 3041 448 3104 rationem
481 3040 663 3105 adhibuerit
695 3061 738 3105 an
767 3061 871 3105 sermo
906 3042 973 3105 eius
1007 3040 1048 3105 ab
1082 3041 1219 3105 aliorum
1245 3036 1396 3124 loquendi

202 3143 298 3210 modo
322 3146 451 3209 omnino
475 3145 599 3209 alienus
622 3145 761 3208 nonsit.

288 3248 358 3314 lam
379 3271 455 3313 vero
480 3248 669 3314 accedamus
693 3247 735 3313 ad
758 3249 885 3339 singula
912 3249 1059 3334 exempla
1080 3246 1251 3313 tractanda
1272 3247 1396 3310 initium

203 3360 365 3419 sumentes
389 3353 430 3418 ab
453 3352 515 3418 hoc
536 3352 669 3418 Homeri
694 3359 725 3419 Φ
745 3355 807 3418 225
829 3375 878 3437 sq.

256 3512 336 3596 πρὶν
359 3507 449 3575 ἔλσαι
472 3508 560 3575 κατά
584 3508 668 3575 ἀστυ
695 3517 750 3591 (sc.
772 3509 898 3595 Τρῶας)
923 3511 979 3575 καὶ
994 3506 1126 3595 Ἕκτορι
1149 3510 1346 3595 πειρηθῆναι

259 3615 419 3701 ἀντιβίην,
442 3612 462 3700 ἢ
486 3615 545 3680 κέν
566 3638 606 3698 με
629 3613 840 3698 δαμάσσεται,
863 3613 882 3678 ί
907 3638 965 3680 κεν
987 3612 1055 3699 ἐγώ
1077 3614 1146 3680 τόν.

289 3769 426 3834 Variant
448 3771 624 3834 sententiae
639 3771 783 3834 virorum
807 3768 975 3835 doctorum
998 3769 1038 3834 de
1062 3767 1264 3855 explanando
1289 3767 1395 3831 dativo

198 3869 341 3959 Ἕκτορι.
385 3872 672 3954 Weidenkaffius1')
708 3873 847 3957 quidem,
881 3880 918 3938 ut
944 3873 1149 3938 Eusthatium
1183 3872 1308 3936 refellat
1340 3872 1394 3956 qui

197 3975 332 4062 Ἕκτορι
354 3979 528 4063 antiptosin
551 3999 621 4042 esse
643 4000 703 4063 pro
724 3975 884 4063 Ἕκτορος
904 3984 1021 4060 censet,
1057 4000 1094 4042 eo
1117 3977 1260 4061 confugit
1281 3983 1317 4039 ut
1339 3974 1396 4039 da·

203 4082 306 4145 tivum
329 4104 368 4145 ex
391 4081 542 4146 adverbio
567 4081 720 4169 ἀντιβίην
745 4081 885 4168 pendere
913 4082 1007 4147 dicat.
1054 4081 1287 4167 Comparantur
1313 4081 1395 4143 enim

204 4182 336 4250 Homeri
351 4195 465 4249 versus
478 4188 509 4251 Α
521 4188 582 4249 277
600 4207 647 4270 sq.
684 4235 690 4248 .
706 4235 712 4248 .
727 4236 733 4249 .
748 4185 820 4251 ds'i'
838 4186 1017 4272 ἐριζέμεναι
1033 4189 1162 4272 βασιλῆι
1183 4184 1353 4271 ἀντιβίην.
1369 4236 1394 4248 ..

292 4375 313 4446 ¹)
342 4373 383 4430 De
402 4394 455 4430 usu
473 4376 591 4447 genitivi
611 4375 685 4447 apud
703 4375 856 4431 Homerum
876 4376 943 4430 1865
961 4394 988 4447 p.
1002 4379 1043 4430 17.

1225 4481 1239 4531 l
