<?xml version="1.0" encoding="UTF-8"?>
<!DOCTYPE html PUBLIC "-//W3C//DTD XHTML 1.0 Transitional//EN"
    "http://www.w3.org/TR/xhtml1/DTD/xhtml1-transitional.dtd">
<html xmlns="http://www.w3.org/1999/xhtml" xml:lang="en" lang="en">
 <head>
  <title>
</title>
<meta http-equiv="Content-Type" content="text/html;charset=utf-8" />
  <meta name='ocr-system' content='tesseract 3.04.00' />
  <meta name='ocr-capabilities' content='ocr_page ocr_carea ocr_par ocr_line ocrx_word'/>
</head>
<body>
  <div class='ocr_page' id='page_1' title='image "./decasuumsyntaxi00hillgoog_0034.png"; bbox 0 0 3300 5059; ppageno 0'>
   <div class='ocr_carea' id='block_1_1' title="bbox 736 348 951 410">
    <p class='ocr_par' dir='ltr' id='par_1_1' title="bbox 736 348 951 410">
     <span class='ocr_line' id='line_1_1' title="bbox 736 348 951 410; baseline 0 -17"><span class='ocrx_word' id='word_1_1' title='bbox 736 348 951 410; x_wconf 69' lang='lat'>„25-</span> 
     </span>
    </p>
   </div>
   <div class='ocr_carea' id='block_1_2' title="bbox 246 535 1472 1766">
    <p class='ocr_par' dir='ltr' id='par_1_2' title="bbox 246 535 1472 1766">
     <span class='ocr_line' id='line_1_2' title="bbox 334 535 1442 621; baseline -0.004 -19"><span class='ocrx_word' id='word_1_2' title='bbox 334 539 371 602; x_wconf 92' lang='lat' dir='ltr'>ln</span> <span class='ocrx_word' id='word_1_3' title='bbox 395 538 508 602; x_wconf 92' lang='lat' dir='ltr'>eodem</span> <span class='ocrx_word' id='word_1_4' title='bbox 532 560 640 601; x_wconf 87' lang='lat' dir='ltr'>errore</span> <span class='ocrx_word' id='word_1_5' title='bbox 665 543 834 600; x_wconf 88' lang='lat' dir='ltr'>versantur</span> <span class='ocrx_word' id='word_1_6' title='bbox 849 537 908 599; x_wconf 90' lang='lat' dir='ltr'>viri</span> <span class='ocrx_word' id='word_1_7' title='bbox 932 536 1017 600; x_wconf 90' lang='lat' dir='ltr'>docti</span> <span class='ocrx_word' id='word_1_8' title='bbox 1041 535 1081 599; x_wconf 92' lang='lat' dir='ltr'>de</span> <span class='ocrx_word' id='word_1_9' title='bbox 1103 538 1253 621; x_wconf 81' lang='lat' dir='ltr'>genitive,</span> <span class='ocrx_word' id='word_1_10' title='bbox 1277 536 1331 619; x_wconf 92' lang='lat' dir='ltr'>qui</span> <span class='ocrx_word' id='word_1_11' title='bbox 1353 535 1442 599; x_wconf 84' lang='lat' dir='ltr'>iuxta</span> 
     </span>
     <span class='ocr_line' id='line_1_3' title="bbox 250 637 1442 725; baseline -0.003 -19"><span class='ocrx_word' id='word_1_12' title='bbox 250 643 347 706; x_wconf 89' lang='lat' dir='ltr'>verba</span> <span class='ocrx_word' id='word_1_13' title='bbox 370 640 518 708; x_wconf 74' lang='grc' dir='ltr'><em>ἀνύονύ1</em></span> <span class='ocrx_word' id='word_1_14' title='bbox 541 641 700 707; x_wconf 76' lang='grc' dir='ltr'><em>κατανύον</em></span> <span class='ocrx_word' id='word_1_15' title='bbox 722 641 846 725; x_wconf 89' lang='lat' dir='ltr'>positus</span> <span class='ocrx_word' id='word_1_16' title='bbox 870 641 1038 713; x_wconf 87' lang='lat' dir='ltr'>invenitur,</span> <span class='ocrx_word' id='word_1_17' title='bbox 1063 647 1099 704; x_wconf 89' lang='lat' dir='ltr'>ut</span> <span class='ocrx_word' id='word_1_18' title='bbox 1122 637 1385 725; x_wconf 81' lang='lat' dir='ltr'>Soph.El.1451</span> <span class='ocrx_word' id='word_1_19' title='bbox 1410 643 1442 702; x_wconf 92' lang='lat' dir='ltr'>et</span> 
     </span>
     <span class='ocr_line' id='line_1_4' title="bbox 248 736 1442 831; baseline -0.001 -21"><span class='ocrx_word' id='word_1_20' title='bbox 248 736 590 831; x_wconf 73' lang='lat' dir='ltr'>id.0.⁴0.1754sq.</span> <span class='ocrx_word' id='word_1_21' title='bbox 650 745 777 810; x_wconf 87' lang='lat' dir='ltr'>Novam</span> <span class='ocrx_word' id='word_1_22' title='bbox 815 747 900 808; x_wconf 89' lang='lat' dir='ltr'>enim</span> <span class='ocrx_word' id='word_1_23' title='bbox 937 746 1099 808; x_wconf 91' lang='lat' dir='ltr'>notionem</span> <span class='ocrx_word' id='word_1_24' title='bbox 1136 743 1226 808; x_wconf 83' lang='lat' dir='ltr'>verbi</span> <span class='ocrx_word' id='word_1_25' title='bbox 1265 743 1442 829; x_wconf 80' lang='grc' dir='ltr'><em>τυγχάνειν</em></span> 
     </span>
     <span class='ocr_line' id='line_1_5' title="bbox 248 845 1441 934; baseline -0.003 -20"><span class='ocrx_word' id='word_1_26' title='bbox 248 850 442 915; x_wconf 89' lang='lat' dir='ltr'>audiendam</span> <span class='ocrx_word' id='word_1_27' title='bbox 465 873 535 915; x_wconf 90' lang='lat' dir='ltr'>esse</span> <span class='ocrx_word' id='word_1_28' title='bbox 557 845 684 934; x_wconf 84' lang='lat' dir='ltr'>fingunt</span> <span class='ocrx_word' id='word_1_29' title='bbox 693 851 725 933; x_wconf 84' lang='lat'>¹).</span> <span class='ocrx_word' id='word_1_30' title='bbox 764 850 807 912; x_wconf 88' lang='lat' dir='ltr'>At</span> <span class='ocrx_word' id='word_1_31' title='bbox 822 849 920 913; x_wconf 89' lang='lat' dir='ltr'>liceat</span> <span class='ocrx_word' id='word_1_32' title='bbox 934 848 1093 934; x_wconf 89' lang='lat' dir='ltr'>proficisci</span> <span class='ocrx_word' id='word_1_33' title='bbox 1116 848 1157 913; x_wconf 92' lang='lat' dir='ltr'>ab</span> <span class='ocrx_word' id='word_1_34' title='bbox 1174 848 1277 913; x_wconf 86' lang='lat' dir='ltr'>altero</span> <span class='ocrx_word' id='word_1_35' title='bbox 1293 847 1441 911; x_wconf 82' lang='lat' dir='ltr'>Electrae</span> 
     </span>
     <span class='ocr_line' id='line_1_6' title="bbox 247 951 1442 1041; baseline 0.003 -24"><span class='ocrx_word' id='word_1_36' title='bbox 247 955 327 1038; x_wconf 85' lang='lat' dir='ltr'>loco,</span> <span class='ocrx_word' id='word_1_37' title='bbox 351 954 406 1019; x_wconf 93' lang='lat' dir='ltr'>ubi</span> <span class='ocrx_word' id='word_1_38' title='bbox 428 962 564 1041; x_wconf 92' lang='lat' dir='ltr'>apparet</span> <span class='ocrx_word' id='word_1_39' title='bbox 583 954 733 1038; x_wconf 81' lang='lat' dir='ltr'>ambigue</span> <span class='ocrx_word' id='word_1_40' title='bbox 756 951 817 1016; x_wconf 89' lang='lat' dir='ltr'>dici</span> <span class='ocrx_word' id='word_1_41' title='bbox 837 951 984 1016; x_wconf 81' lang='lat' dir='ltr'>Electrae</span> <span class='ocrx_word' id='word_1_42' title='bbox 1006 952 1063 1016; x_wconf 87' lang='lat' dir='ltr'>illa</span> <span class='ocrx_word' id='word_1_43' title='bbox 1082 953 1182 1016; x_wconf 89' lang='lat' dir='ltr'>verba</span> <span class='ocrx_word' id='word_1_44' title='bbox 1211 951 1315 1018; x_wconf 78' lang='grc' dir='ltr'><em>ἔνδον·</em></span> <span class='ocrx_word' id='word_1_45' title='bbox 1345 955 1442 1039; x_wconf 75' lang='grc' dir='ltr'><strong><em>φίλης</em></strong></span> 
     </span>
     <span class='ocr_line' id='line_1_7' title="bbox 249 1051 1442 1145; baseline -0.004 -22"><span class='ocrx_word' id='word_1_46' title='bbox 249 1051 314 1145; x_wconf 84' lang='grc' dir='ltr'>γάρ</span> <span class='ocrx_word' id='word_1_47' title='bbox 356 1058 518 1145; x_wconf 79' lang='grc' dir='ltr'><em>προξένου</em></span> <span class='ocrx_word' id='word_1_48' title='bbox 563 1057 763 1145; x_wconf 83' lang='grc' dir='ltr'><em>κατήνυσαν.</em></span> <span class='ocrx_word' id='word_1_49' title='bbox 822 1055 944 1133; x_wconf 84' lang='lat' dir='ltr'>Quibus</span> <span class='ocrx_word' id='word_1_50' title='bbox 989 1056 1028 1120; x_wconf 92' lang='lat' dir='ltr'>de</span> <span class='ocrx_word' id='word_1_51' title='bbox 1070 1054 1177 1120; x_wconf 89' lang='lat' dir='ltr'>verbis</span> <span class='ocrx_word' id='word_1_52' title='bbox 1222 1057 1267 1120; x_wconf 90' lang='lat' dir='ltr'>ita</span> <span class='ocrx_word' id='word_1_53' title='bbox 1312 1055 1442 1119; x_wconf 90' lang='lat' dir='ltr'>disserit</span> 
     </span>
     <span class='ocr_line' id='line_1_8' title="bbox 246 1160 1441 1246; baseline -0.003 -20"><span class='ocrx_word' id='word_1_54' title='bbox 246 1161 473 1246; x_wconf 73' lang='lat' dir='ltr'>Ellendtius⁶):</span> <span class='ocrx_word' id='word_1_55' title='bbox 500 1162 618 1246; x_wconf 68' lang='lat' dir='ltr'>„aava</span> <span class='ocrx_word' id='word_1_56' title='bbox 635 1169 668 1226; x_wconf 90' lang='lat' dir='ltr'>et</span> <span class='ocrx_word' id='word_1_57' title='bbox 684 1161 724 1225; x_wconf 90' lang='lat' dir='ltr'>ad</span> <span class='ocrx_word' id='word_1_58' title='bbox 741 1168 772 1226; x_wconf 88' lang='lat' dir='ltr'>et</span> <span class='ocrx_word' id='word_1_59' title='bbox 787 1166 900 1226; x_wconf 89' lang='lat' dir='ltr'>contra</span> <span class='ocrx_word' id='word_1_60' title='bbox 915 1160 1098 1246; x_wconf 81' lang='lat' dir='ltr'>significans</span> <span class='ocrx_word' id='word_1_61' title='bbox 1114 1167 1224 1225; x_wconf 89' lang='lat' dir='ltr'>monet</span> <span class='ocrx_word' id='word_1_62' title='bbox 1238 1160 1441 1225; x_wconf 89' lang='lat' dir='ltr'>Hermanuus</span> 
     </span>
     <span class='ocr_line' id='line_1_9' title="bbox 248 1264 1441 1351; baseline -0.002 -21"><span class='ocrx_word' id='word_1_63' title='bbox 248 1266 432 1351; x_wconf 82' lang='lat' dir='ltr'><strong>ambiguam</strong></span> <span class='ocrx_word' id='word_1_64' title='bbox 460 1264 595 1330; x_wconf 83' lang='lat' dir='ltr'>reddere</span> <span class='ocrx_word' id='word_1_65' title='bbox 623 1267 817 1348; x_wconf 66' lang='lat' dir='ltr'>orationem·</span> <span class='ocrx_word' id='word_1_66' title='bbox 844 1273 880 1328; x_wconf 87' lang='lat' dir='ltr'>nt</span> <span class='ocrx_word' id='word_1_67' title='bbox 903 1265 1083 1350; x_wconf 75' lang='lat' dir='ltr'>Aegisthus</span> <span class='ocrx_word' id='word_1_68' title='bbox 1117 1272 1228 1329; x_wconf 88' lang='lat' dir='ltr'>nactos</span> <span class='ocrx_word' id='word_1_69' title='bbox 1262 1264 1335 1329; x_wconf 90' lang='lat' dir='ltr'>illos</span> <span class='ocrx_word' id='word_1_70' title='bbox 1370 1286 1441 1328; x_wconf 91' lang='lat' dir='ltr'>esse</span> 
     </span>
     <span class='ocr_line' id='line_1_10' title="bbox 247 1367 1472 1453; baseline -0.002 -21"><span class='ocrx_word' id='word_1_71' title='bbox 247 1371 408 1453; x_wconf 89' lang='lat' dir='ltr'>hospitam</span> <span class='ocrx_word' id='word_1_72' title='bbox 442 1371 579 1433; x_wconf 90' lang='lat' dir='ltr'>amicam</span> <span class='ocrx_word' id='word_1_73' title='bbox 611 1369 780 1453; x_wconf 83' lang='lat' dir='ltr'>intelligat,</span> <span class='ocrx_word' id='word_1_74' title='bbox 811 1368 941 1432; x_wconf 82' lang='lat' dir='ltr'>Electra</span> <span class='ocrx_word' id='word_1_75' title='bbox 975 1375 1083 1432; x_wconf 88' lang='lat' dir='ltr'>autem</span> <span class='ocrx_word' id='word_1_76' title='bbox 1116 1369 1148 1432; x_wconf 89' lang='lat' dir='ltr'>in</span> <span class='ocrx_word' id='word_1_77' title='bbox 1181 1373 1288 1432; x_wconf 88' lang='lat' dir='ltr'>mente</span> <span class='ocrx_word' id='word_1_78' title='bbox 1322 1367 1442 1432; x_wconf 87' lang='lat' dir='ltr'>habeat</span> <span class='ocrx_word' id='word_1_79' title='bbox 1470 1389 1472 1394; x_wconf 92' lang='lat'>·</span> 
     </span>
     <span class='ocr_line' id='line_1_11' title="bbox 248 1461 1439 1563; baseline -0.002 -26"><span class='ocrx_word' id='word_1_80' title='bbox 248 1473 453 1563; x_wconf 79' lang='lat' dir='ltr'>confecerunt</span> <span class='ocrx_word' id='word_1_81' title='bbox 479 1495 549 1537; x_wconf 89' lang='lat' dir='ltr'>rom</span> <span class='ocrx_word' id='word_1_82' title='bbox 577 1480 689 1536; x_wconf 92' lang='lat' dir='ltr'>contra</span> <span class='ocrx_word' id='word_1_83' title='bbox 716 1472 908 1558; x_wconf 82' lang='lat' dir='ltr'>hospitam.·“</span> <span class='ocrx_word' id='word_1_84' title='bbox 956 1469 1021 1536; x_wconf 83' lang='lat' dir='ltr'>Sed</span> <span class='ocrx_word' id='word_1_85' title='bbox 1047 1492 1111 1536; x_wconf 94' lang='lat' dir='ltr'>non</span> <span class='ocrx_word' id='word_1_86' title='bbox 1139 1461 1322 1555; x_wconf 44' lang='lat' dir='ltr'>video‘quo</span> <span class='ocrx_word' id='word_1_87' title='bbox 1343 1470 1439 1535; x_wconf 93' lang='lat' dir='ltr'>modo</span> 
     </span>
     <span class='ocr_line' id='line_1_12' title="bbox 250 1566 1441 1662; baseline -0.003 -21"><span class='ocrx_word' id='word_1_88' title='bbox 250 1576 330 1662; x_wconf 70' lang='lat' dir='ltr'>⁷‚ad“</span> <span class='ocrx_word' id='word_1_89' title='bbox 356 1578 389 1640; x_wconf 92' lang='lat' dir='ltr'>in</span> <span class='ocrx_word' id='word_1_90' title='bbox 411 1576 514 1641; x_wconf 88' lang='lat' dir='ltr'>altera</span> <span class='ocrx_word' id='word_1_91' title='bbox 535 1578 796 1661; x_wconf 79' lang='lat' dir='ltr'>interpretatione</span> <span class='ocrx_word' id='word_1_92' title='bbox 818 1575 928 1640; x_wconf 89' lang='lat' dir='ltr'>lateat.</span> <span class='ocrx_word' id='word_1_93' title='bbox 973 1575 1081 1660; x_wconf 84' lang='lat' dir='ltr'>Atque</span> <span class='ocrx_word' id='word_1_94' title='bbox 1107 1577 1153 1639; x_wconf 88' lang='lat' dir='ltr'>ita</span> <span class='ocrx_word' id='word_1_95' title='bbox 1177 1575 1267 1659; x_wconf 91' lang='lat' dir='ltr'>loqui</span> <span class='ocrx_word' id='word_1_96' title='bbox 1289 1566 1368 1662; x_wconf 83' lang='lat' dir='ltr'>opus</span> <span class='ocrx_word' id='word_1_97' title='bbox 1392 1582 1441 1639; x_wconf 91' lang='lat' dir='ltr'>est</span> 
     </span>
     <span class='ocr_line' id='line_1_13' title="bbox 246 1680 1441 1766; baseline -0.002 -21"><span class='ocrx_word' id='word_1_98' title='bbox 246 1680 418 1765; x_wconf 80' lang='lat' dir='ltr'>Electram,</span> <span class='ocrx_word' id='word_1_99' title='bbox 446 1688 484 1746; x_wconf 91' lang='lat' dir='ltr'>ut</span> <span class='ocrx_word' id='word_1_100' title='bbox 508 1682 683 1766; x_wconf 83' lang='lat' dir='ltr'>Aegisthus</span> <span class='ocrx_word' id='word_1_101' title='bbox 712 1682 848 1745; x_wconf 89' lang='lat' dir='ltr'>alterum</span> <span class='ocrx_word' id='word_1_102' title='bbox 872 1682 1042 1746; x_wconf 89' lang='lat' dir='ltr'>verborum</span> <span class='ocrx_word' id='word_1_103' title='bbox 1066 1702 1195 1745; x_wconf 90' lang='lat' dir='ltr'>sensum</span> <span class='ocrx_word' id='word_1_104' title='bbox 1228 1680 1312 1744; x_wconf 80' lang='lat' dir='ltr'>sacili</span> <span class='ocrx_word' id='word_1_105' title='bbox 1341 1701 1441 1764; x_wconf 90' lang='lat' dir='ltr'>opera</span> 
     </span>
    </p>
   </div>
   <div class='ocr_carea' id='block_1_3' title="bbox 127 1778 1439 1869">
    <p class='ocr_par' dir='ltr' id='par_1_3' title="bbox 127 1778 1439 1869">
     <span class='ocr_line' id='line_1_14' title="bbox 127 1778 1439 1869; baseline -0.001 -20"><span class='ocrx_word' id='word_1_106' title='bbox 127 1778 146 1802; x_wconf 83' lang='grc'><strong><em>”</em></strong></span> <span class='ocrx_word' id='word_1_107' title='bbox 247 1786 355 1849; x_wconf 88' lang='lat' dir='ltr'>statim</span> <span class='ocrx_word' id='word_1_108' title='bbox 381 1788 570 1869; x_wconf 90' lang='lat' dir='ltr'>perciperet.</span> <span class='ocrx_word' id='word_1_109' title='bbox 620 1784 711 1849; x_wconf 88' lang='lat' dir='ltr'>ldem</span> <span class='ocrx_word' id='word_1_110' title='bbox 734 1787 783 1848; x_wconf 89' lang='lat' dir='ltr'>vir</span> <span class='ocrx_word' id='word_1_111' title='bbox 810 1785 1012 1850; x_wconf 89' lang='lat' dir='ltr'>doctissimus</span> <span class='ocrx_word' id='word_1_112' title='bbox 1020 1786 1059 1869; x_wconf 67' lang='grc'>2);</span> <span class='ocrx_word' id='word_1_113' title='bbox 1093 1784 1302 1869; x_wconf 68' lang='lat' dir='ltr'>„Brunckiua</span> <span class='ocrx_word' id='word_1_114' title='bbox 1325 1785 1439 1869; x_wconf 80' lang='lat' dir='ltr'>inquit,</span> 
     </span>
    </p>
   </div>
   <div class='ocr_carea' id='block_1_4' title="bbox 186 1885 1441 3224">
    <p class='ocr_par' dir='ltr' id='par_1_4' title="bbox 186 1885 1441 3224">
     <span class='ocr_line' id='line_1_15' title="bbox 207 1885 1440 1980; baseline -0.001 -27"><span class='ocrx_word' id='word_1_115' title='bbox 207 1974 210 1980; x_wconf 66' lang='lat'><em>,</em></span> <span class='ocrx_word' id='word_1_116' title='bbox 247 1889 387 1975; x_wconf 83' lang='lat' dir='ltr'>explicat</span> <span class='ocrx_word' id='word_1_117' title='bbox 413 1890 604 1977; x_wconf 77' lang='grc' dir='ltr'><em>κατήνυσαν</em></span> <span class='ocrx_word' id='word_1_118' title='bbox 638 1889 700 1976; x_wconf 80' lang='grc' dir='ltr'>τὴν</span> <span class='ocrx_word' id='word_1_119' title='bbox 734 1888 816 1955; x_wconf 81' lang='grc' dir='ltr'><em>ὁδὸν</em></span> <span class='ocrx_word' id='word_1_120' title='bbox 848 1890 894 1966; x_wconf 82' lang='grc' dir='ltr'>εἰς</span> <span class='ocrx_word' id='word_1_121' title='bbox 927 1892 1024 1977; x_wconf 79' lang='grc' dir='ltr'><em>φίλης</em></span> <span class='ocrx_word' id='word_1_122' title='bbox 1048 1889 1212 1976; x_wconf 76' lang='grc' dir='ltr'><em>προξένου</em></span> <span class='ocrx_word' id='word_1_123' title='bbox 1238 1885 1346 1955; x_wconf 83' lang='grc' dir='ltr'><em>οἶκον;</em></span> <span class='ocrx_word' id='word_1_124' title='bbox 1374 1910 1440 1953; x_wconf 88' lang='lat' dir='ltr'>non</span> 
     </span>
     <span class='ocr_line' id='line_1_16' title="bbox 247 1992 1441 2078; baseline 0.002 -22"><span class='ocrx_word' id='word_1_125' title='bbox 247 1993 331 2056; x_wconf 90' lang='lat' dir='ltr'>male</span> <span class='ocrx_word' id='word_1_126' title='bbox 364 1993 515 2077; x_wconf 80' lang='lat' dir='ltr'>alterum,</span> <span class='ocrx_word' id='word_1_127' title='bbox 550 1992 607 2057; x_wconf 91' lang='lat' dir='ltr'>sed</span> <span class='ocrx_word' id='word_1_128' title='bbox 640 2000 677 2057; x_wconf 93' lang='lat' dir='ltr'>ut</span> <span class='ocrx_word' id='word_1_129' title='bbox 708 1992 872 2078; x_wconf 74' lang='grc' dir='ltr'><em>προξένου</em></span> <span class='ocrx_word' id='word_1_130' title='bbox 906 1992 1097 2077; x_wconf 56' lang='grc' dir='ltr'><em>κατανύοοὸ)</em></span> <span class='ocrx_word' id='word_1_131' title='bbox 1135 1992 1169 2057; x_wconf 90' lang='lat' dir='ltr'>id</span> <span class='ocrx_word' id='word_1_132' title='bbox 1202 1994 1243 2056; x_wconf 88' lang='lat' dir='ltr'>sit</span> <span class='ocrx_word' id='word_1_133' title='bbox 1277 1992 1362 2077; x_wconf 90' lang='lat' dir='ltr'>quod</span> <span class='ocrx_word' id='word_1_134' title='bbox 1395 1993 1441 2069; x_wconf 78' lang='grc' dir='ltr'>εἰς</span> 
     </span>
     <span class='ocr_line' id='line_1_17' title="bbox 246 2095 1439 2182; baseline -0.002 -19"><span class='ocrx_word' id='word_1_135' title='bbox 246 2096 417 2182; x_wconf 75' lang='grc' dir='ltr'><em>προξένου,</em></span> <span class='ocrx_word' id='word_1_136' title='bbox 440 2118 534 2160; x_wconf 91' lang='lat' dir='ltr'>nemo</span> <span class='ocrx_word' id='word_1_137' title='bbox 550 2119 701 2181; x_wconf 90' lang='lat' dir='ltr'>umquam</span> <span class='ocrx_word' id='word_1_138' title='bbox 718 2096 864 2160; x_wconf 82' lang='lat' dir='ltr'>efficiet.“</span> <span class='ocrx_word' id='word_1_139' title='bbox 904 2095 1106 2180; x_wconf 85' lang='lat' dir='ltr'>Quamquam</span> <span class='ocrx_word' id='word_1_140' title='bbox 1120 2096 1282 2161; x_wconf 90' lang='lat' dir='ltr'>Ellendtio</span> <span class='ocrx_word' id='word_1_141' title='bbox 1298 2095 1439 2161; x_wconf 90' lang='lat' dir='ltr'>concedo</span> 
     </span>
     <span class='ocr_line' id='line_1_18' title="bbox 246 2199 1438 2285; baseline 0 -20"><span class='ocrx_word' id='word_1_142' title='bbox 246 2201 344 2265; x_wconf 90' lang='lat' dir='ltr'>talem</span> <span class='ocrx_word' id='word_1_143' title='bbox 367 2200 493 2285; x_wconf 87' lang='lat' dir='ltr'>ellipsin</span> <span class='ocrx_word' id='word_1_144' title='bbox 516 2202 669 2265; x_wconf 88' lang='lat' dir='ltr'>maiorem</span> <span class='ocrx_word' id='word_1_145' title='bbox 694 2221 764 2265; x_wconf 91' lang='lat' dir='ltr'>esse</span> <span class='ocrx_word' id='word_1_146' title='bbox 788 2223 886 2285; x_wconf 85' lang='lat' dir='ltr'>quam</span> <span class='ocrx_word' id='word_1_147' title='bbox 908 2206 943 2265; x_wconf 97' lang='lat' dir='ltr'>ut</span> <span class='ocrx_word' id='word_1_148' title='bbox 965 2199 1097 2265; x_wconf 86' lang='lat' dir='ltr'>ferenda</span> <span class='ocrx_word' id='word_1_149' title='bbox 1119 2203 1170 2283; x_wconf 89' lang='lat' dir='ltr'>sit,</span> <span class='ocrx_word' id='word_1_150' title='bbox 1194 2207 1303 2265; x_wconf 89' lang='lat' dir='ltr'>tamen</span> <span class='ocrx_word' id='word_1_151' title='bbox 1324 2222 1438 2265; x_wconf 91' lang='lat' dir='ltr'>moneo</span> 
     </span>
     <span class='ocr_line' id='line_1_19' title="bbox 246 2303 1438 2390; baseline 0 -22"><span class='ocrx_word' id='word_1_152' title='bbox 246 2303 368 2369; x_wconf 91' lang='lat' dir='ltr'>nudum</span> <span class='ocrx_word' id='word_1_153' title='bbox 403 2325 530 2388; x_wconf 92' lang='lat' dir='ltr'>quoque</span> <span class='ocrx_word' id='word_1_154' title='bbox 563 2307 780 2369; x_wconf 86' lang='lat' dir='ltr'>accusativum</span> <span class='ocrx_word' id='word_1_155' title='bbox 816 2308 936 2370; x_wconf 89' lang='lat' dir='ltr'>omissa</span> <span class='ocrx_word' id='word_1_156' title='bbox 962 2306 1201 2390; x_wconf 85' lang='lat' dir='ltr'>praepositione</span> <span class='ocrx_word' id='word_1_157' title='bbox 1229 2305 1274 2382; x_wconf 82' lang='grc' dir='ltr'>εἰς</span> <span class='ocrx_word' id='word_1_158' title='bbox 1305 2304 1438 2369; x_wconf 85' lang='lat' dir='ltr'>verbum</span> 
     </span>
     <span class='ocr_line' id='line_1_20' title="bbox 249 2407 1440 2495; baseline 0 -21"><span class='ocrx_word' id='word_1_159' title='bbox 249 2407 362 2474; x_wconf 81' lang='grc' dir='ltr'><em>ἀνύειν</em></span> <span class='ocrx_word' id='word_1_160' title='bbox 389 2414 421 2472; x_wconf 89' lang='lat' dir='ltr'>et</span> <span class='ocrx_word' id='word_1_161' title='bbox 447 2410 626 2492; x_wconf 89' lang='lat' dir='ltr'>composita</span> <span class='ocrx_word' id='word_1_162' title='bbox 652 2409 714 2473; x_wconf 89' lang='lat' dir='ltr'>sibi</span> <span class='ocrx_word' id='word_1_163' title='bbox 742 2409 913 2475; x_wconf 83' lang='lat' dir='ltr'>adnectere</span> <span class='ocrx_word' id='word_1_164' title='bbox 935 2410 1022 2475; x_wconf 90' lang='lat' dir='ltr'>velut</span> <span class='ocrx_word' id='word_1_165' title='bbox 1045 2407 1144 2495; x_wconf 87' lang='lat' dir='ltr'>Soph.</span> <span class='ocrx_word' id='word_1_166' title='bbox 1167 2410 1217 2473; x_wconf 82' lang='grc' dir='ltr'>Αἰ.</span> <span class='ocrx_word' id='word_1_167' title='bbox 1241 2411 1303 2474; x_wconf 82' lang='lat'>707</span> <span class='ocrx_word' id='word_1_168' title='bbox 1330 2407 1378 2475; x_wconf 82' lang='grc' dir='ltr'>ἔτι</span> <span class='ocrx_word' id='word_1_169' title='bbox 1399 2408 1440 2494; x_wconf 80' lang='grc' dir='ltr'>μέ</span> 
     </span>
     <span class='ocr_line' id='line_1_21' title="bbox 186 2511 1440 2597; baseline 0.001 -20"><span class='ocrx_word' id='word_1_170' title='bbox 186 2515 189 2522; x_wconf 87' lang='grc'><strong>’</strong></span> <span class='ocrx_word' id='word_1_171' title='bbox 246 2511 321 2577; x_wconf 61' lang='grc' dir='ltr'><em>ποτ)</em></span> <span class='ocrx_word' id='word_1_172' title='bbox 345 2511 478 2578; x_wconf 76' lang='grc' dir='ltr'><em>ἀνύσειν</em></span> <span class='ocrx_word' id='word_1_173' title='bbox 501 2513 561 2578; x_wconf 84' lang='grc' dir='ltr'>τὸν</span> <span class='ocrx_word' id='word_1_174' title='bbox 583 2566 589 2578; x_wconf 93' lang='grc'><strong>.</strong></span> <span class='ocrx_word' id='word_1_175' title='bbox 616 2564 622 2576; x_wconf 89' lang='grc'><strong>.</strong></span> <span class='ocrx_word' id='word_1_176' title='bbox 648 2511 788 2579; x_wconf 78' lang='grc' dir='ltr'><em>,Ἅιδαν</em></span> <span class='ocrx_word' id='word_1_177' title='bbox 809 2513 852 2579; x_wconf 88' lang='lat' dir='ltr'>id.</span> <span class='ocrx_word' id='word_1_178' title='bbox 877 2513 913 2578; x_wconf 87' lang='grc' dir='ltr'>Ο.</span> <span class='ocrx_word' id='word_1_179' title='bbox 935 2513 1071 2579; x_wconf 73' lang='grc'><strong>(11562</strong></span> <span class='ocrx_word' id='word_1_180' title='bbox 1093 2535 1141 2597; x_wconf 89' lang='lat' dir='ltr'>sq.</span> <span class='ocrx_word' id='word_1_181' title='bbox 1166 2513 1264 2596; x_wconf 82' lang='grc' dir='ltr'><em>ξένον</em></span> <span class='ocrx_word' id='word_1_182' title='bbox 1286 2512 1440 2596; x_wconf 76' lang='grc' dir='ltr'><em>ἐξανύσαι</em></span> 
     </span>
     <span class='ocr_line' id='line_1_22' title="bbox 248 2616 1439 2704; baseline 0.002 -23"><span class='ocrx_word' id='word_1_183' title='bbox 248 2616 313 2681; x_wconf 86' lang='grc' dir='ltr'>τάν</span> <span class='ocrx_word' id='word_1_184' title='bbox 339 2619 468 2702; x_wconf 82' lang='grc' dir='ltr'><em>νεκρῶν</em></span> <span class='ocrx_word' id='word_1_185' title='bbox 493 2616 608 2682; x_wconf 78' lang='grc' dir='ltr'><em>πλάκα</em></span> <span class='ocrx_word' id='word_1_186' title='bbox 630 2616 673 2680; x_wconf 89' lang='lat' dir='ltr'>id.</span> <span class='ocrx_word' id='word_1_187' title='bbox 696 2616 771 2680; x_wconf 87' lang='lat' dir='ltr'>Ant.</span> <span class='ocrx_word' id='word_1_188' title='bbox 797 2619 860 2682; x_wconf 79' lang='lat'>805</span> <span class='ocrx_word' id='word_1_189' title='bbox 877 2639 923 2700; x_wconf 90' lang='lat' dir='ltr'>sq.</span> <span class='ocrx_word' id='word_1_190' title='bbox 949 2617 1010 2684; x_wconf 88' lang='grc' dir='ltr'>τόν</span> <span class='ocrx_word' id='word_1_191' title='bbox 1036 2620 1255 2704; x_wconf 78' lang='grc' dir='ltr'><em>παγκοίτην.</em></span> <span class='ocrx_word' id='word_1_192' title='bbox 1280 2669 1287 2683; x_wconf 92' lang='grc'><strong>.</strong></span> <span class='ocrx_word' id='word_1_193' title='bbox 1311 2669 1318 2684; x_wconf 92' lang='grc'><strong>.</strong></span> <span class='ocrx_word' id='word_1_194' title='bbox 1343 2666 1350 2679; x_wconf 92' lang='grc'><strong>.</strong></span> <span class='ocrx_word' id='word_1_195' title='bbox 1375 2616 1439 2683; x_wconf 77' lang='grc' dir='ltr'>θά-</span> 
     </span>
     <span class='ocr_line' id='line_1_23' title="bbox 247 2718 1438 2807; baseline 0 -22"><span class='ocrx_word' id='word_1_196' title='bbox 247 2725 354 2804; x_wconf 77' lang='grc' dir='ltr'><em>λαμον</em></span> <span class='ocrx_word' id='word_1_197' title='bbox 382 2774 388 2786; x_wconf 93' lang='grc'><strong>.</strong></span> <span class='ocrx_word' id='word_1_198' title='bbox 418 2773 423 2786; x_wconf 94' lang='grc'><strong><em>.</em></strong></span> <span class='ocrx_word' id='word_1_199' title='bbox 454 2774 460 2786; x_wconf 93' lang='grc'><em>.</em></span> <span class='ocrx_word' id='word_1_200' title='bbox 489 2720 677 2786; x_wconf 76' lang='grc' dir='ltr'><em>ἀνύτουσαν</em></span> <span class='ocrx_word' id='word_1_201' title='bbox 698 2719 773 2784; x_wconf 91' lang='lat' dir='ltr'>Eur.</span> <span class='ocrx_word' id='word_1_202' title='bbox 800 2718 911 2805; x_wconf 86' lang='lat' dir='ltr'>Suppl.</span> <span class='ocrx_word' id='word_1_203' title='bbox 938 2724 1019 2785; x_wconf 73' lang='lat'>1142</span> <span class='ocrx_word' id='word_1_204' title='bbox 1047 2721 1173 2807; x_wconf 80' lang='grc' dir='ltr'><em>ἤνυσαν</em></span> <span class='ocrx_word' id='word_1_205' title='bbox 1202 2721 1262 2787; x_wconf 85' lang='grc' dir='ltr'>τὸν</span> <span class='ocrx_word' id='word_1_206' title='bbox 1282 2719 1438 2804; x_wconf 67' lang='grc' dir='ltr'>&lt;Άιάαν4).</span> 
     </span>
     <span class='ocr_line' id='line_1_24' title="bbox 247 2822 1440 2910; baseline 0.003 -24"><span class='ocrx_word' id='word_1_207' title='bbox 247 2824 360 2908; x_wconf 91' lang='lat' dir='ltr'>Itaque</span> <span class='ocrx_word' id='word_1_208' title='bbox 386 2823 466 2887; x_wconf 89' lang='lat' dir='ltr'>nihil</span> <span class='ocrx_word' id='word_1_209' title='bbox 494 2825 554 2888; x_wconf 89' lang='lat' dir='ltr'>nisi</span> <span class='ocrx_word' id='word_1_210' title='bbox 583 2825 784 2888; x_wconf 86' lang='lat' dir='ltr'>accusativus</span> <span class='ocrx_word' id='word_1_211' title='bbox 813 2822 908 2890; x_wconf 83' lang='grc' dir='ltr'><em>οἷκον</em></span> <span class='ocrx_word' id='word_1_212' title='bbox 934 2825 986 2888; x_wconf 84' lang='lat' dir='ltr'>vel</span> <span class='ocrx_word' id='word_1_213' title='bbox 1015 2825 1149 2910; x_wconf 78' lang='lat' dir='ltr'>ddpov⁵)</span> <span class='ocrx_word' id='word_1_214' title='bbox 1177 2826 1314 2890; x_wconf 91' lang='lat' dir='ltr'>omissus</span> <span class='ocrx_word' id='word_1_215' title='bbox 1342 2831 1440 2908; x_wconf 89' lang='lat' dir='ltr'>atque</span> 
     </span>
     <span class='ocr_line' id='line_1_25' title="bbox 247 2926 1438 3014; baseline 0.003 -25"><span class='ocrx_word' id='word_1_216' title='bbox 247 2927 442 3012; x_wconf 75' lang='lat' dir='ltr'>aSophocle</span> <span class='ocrx_word' id='word_1_217' title='bbox 466 2926 611 2991; x_wconf 89' lang='lat' dir='ltr'>consulto</span> <span class='ocrx_word' id='word_1_218' title='bbox 634 2929 667 2991; x_wconf 92' lang='lat' dir='ltr'>in</span> <span class='ocrx_word' id='word_1_219' title='bbox 689 2928 794 2992; x_wconf 91' lang='lat' dir='ltr'>medio</span> <span class='ocrx_word' id='word_1_220' title='bbox 819 2928 965 2992; x_wconf 90' lang='lat' dir='ltr'>relictum</span> <span class='ocrx_word' id='word_1_221' title='bbox 989 2935 1038 2992; x_wconf 90' lang='lat' dir='ltr'>est</span> <span class='ocrx_word' id='word_1_222' title='bbox 1060 2928 1138 3012; x_wconf 93' lang='lat' dir='ltr'>quid</span> <span class='ocrx_word' id='word_1_223' title='bbox 1159 2930 1200 2993; x_wconf 90' lang='lat' dir='ltr'>sit</span> <span class='ocrx_word' id='word_1_224' title='bbox 1215 2928 1438 3014; x_wconf 86' lang='lat' dir='ltr'>supplendum,</span> 
     </span>
     <span class='ocr_line' id='line_1_26' title="bbox 246 3030 1440 3117; baseline 0.001 -23"><span class='ocrx_word' id='word_1_225' title='bbox 246 3038 282 3095; x_wconf 92' lang='lat' dir='ltr'>ut</span> <span class='ocrx_word' id='word_1_226' title='bbox 309 3052 427 3115; x_wconf 91' lang='lat' dir='ltr'>anceps</span> <span class='ocrx_word' id='word_1_227' title='bbox 454 3030 512 3095; x_wconf 89' lang='lat' dir='ltr'>fiat</span> <span class='ocrx_word' id='word_1_228' title='bbox 537 3032 649 3095; x_wconf 88' lang='lat' dir='ltr'>oratio.</span> <span class='ocrx_word' id='word_1_229' title='bbox 696 3030 773 3096; x_wconf 90' lang='lat' dir='ltr'>Cum</span> <span class='ocrx_word' id='word_1_230' title='bbox 808 3033 892 3096; x_wconf 90' lang='lat' dir='ltr'>enim</span> <span class='ocrx_word' id='word_1_231' title='bbox 923 3033 1093 3117; x_wconf 80' lang='lat' dir='ltr'>Aegisthus</span> <span class='ocrx_word' id='word_1_232' title='bbox 1123 3033 1337 3117; x_wconf 90' lang='lat' dir='ltr'>impendentis</span> <span class='ocrx_word' id='word_1_233' title='bbox 1363 3033 1440 3096; x_wconf 87' lang='lat' dir='ltr'>mali</span> 
     </span>
     <span class='ocr_line' id='line_1_27' title="bbox 246 3133 1439 3224; baseline 0.003 -27"><span class='ocrx_word' id='word_1_234' title='bbox 246 3136 373 3198; x_wconf 88' lang='lat' dir='ltr'>nescius</span> <span class='ocrx_word' id='word_1_235' title='bbox 396 3134 555 3218; x_wconf 84' lang='lat' dir='ltr'>intelligat</span> <span class='ocrx_word' id='word_1_236' title='bbox 577 3137 674 3221; x_wconf 77' lang='grc' dir='ltr'><strong><em>φίλης</em></strong></span> <span class='ocrx_word' id='word_1_237' title='bbox 698 3135 762 3220; x_wconf 87' lang='grc' dir='ltr'>γάρ</span> <span class='ocrx_word' id='word_1_238' title='bbox 784 3135 946 3221; x_wconf 76' lang='grc' dir='ltr'><em>προξένου</em></span> <span class='ocrx_word' id='word_1_239' title='bbox 968 3133 1063 3201; x_wconf 81' lang='grc' dir='ltr'><em>οἷκον</em></span> <span class='ocrx_word' id='word_1_240' title='bbox 1087 3136 1286 3224; x_wconf 82' lang='grc' dir='ltr'><em>κατήνυσαν,</em></span> <span class='ocrx_word' id='word_1_241' title='bbox 1309 3136 1439 3201; x_wconf 89' lang='lat' dir='ltr'>Electra</span> 
     </span>
    </p>
   </div>
   <div class='ocr_carea' id='block_1_5' title="bbox 245 3424 1439 3968">
    <p class='ocr_par' dir='ltr' id='par_1_5' title="bbox 333 3424 1067 3499">
     <span class='ocr_line' id='line_1_28' title="bbox 333 3424 1067 3499; baseline 0.004 -18"><span class='ocrx_word' id='word_1_242' title='bbox 333 3426 355 3495; x_wconf 88' lang='lat'>¹)</span> <span class='ocrx_word' id='word_1_243' title='bbox 375 3424 460 3481; x_wconf 88' lang='lat' dir='ltr'>Velut</span> <span class='ocrx_word' id='word_1_244' title='bbox 478 3425 583 3482; x_wconf 86' lang='lat' dir='ltr'>Struve</span> <span class='ocrx_word' id='word_1_245' title='bbox 601 3427 617 3481; x_wconf 86' lang='lat'>1.</span> <span class='ocrx_word' id='word_1_246' title='bbox 636 3428 653 3482; x_wconf 89' lang='lat' dir='ltr'>l.</span> <span class='ocrx_word' id='word_1_247' title='bbox 672 3446 698 3499; x_wconf 88' lang='lat' dir='ltr'>p.</span> <span class='ocrx_word' id='word_1_248' title='bbox 712 3428 753 3483; x_wconf 84' lang='lat'>26.</span> <span class='ocrx_word' id='word_1_249' title='bbox 781 3426 895 3482; x_wconf 87' lang='lat' dir='ltr'>Ellendt</span> <span class='ocrx_word' id='word_1_250' title='bbox 914 3427 929 3483; x_wconf 90' lang='grc'>1.</span> <span class='ocrx_word' id='word_1_251' title='bbox 950 3427 966 3484; x_wconf 86' lang='lat' dir='ltr'>l.</span> <span class='ocrx_word' id='word_1_252' title='bbox 986 3447 1012 3499; x_wconf 89' lang='lat' dir='ltr'>p.</span> <span class='ocrx_word' id='word_1_253' title='bbox 1027 3430 1067 3485; x_wconf 80' lang='lat'>70.</span> 
     </span>
    </p>

    <p class='ocr_par' dir='ltr' id='par_1_6' title="bbox 331 3530 543 3603">
     <span class='ocr_line' id='line_1_29' title="bbox 331 3530 543 3603; baseline 0.009 -19"><span class='ocrx_word' id='word_1_254' title='bbox 331 3530 351 3598; x_wconf 75' lang='lat'>²)</span> <span class='ocrx_word' id='word_1_255' title='bbox 371 3530 387 3584; x_wconf 94' lang='lat' dir='ltr'>l.</span> <span class='ocrx_word' id='word_1_256' title='bbox 406 3530 424 3587; x_wconf 86' lang='lat' dir='ltr'>l.</span> <span class='ocrx_word' id='word_1_257' title='bbox 444 3549 471 3603; x_wconf 93' lang='lat' dir='ltr'>p.</span> <span class='ocrx_word' id='word_1_258' title='bbox 484 3532 543 3587; x_wconf 82' lang='lat'>373.</span> 
     </span>
    </p>

    <p class='ocr_par' dir='ltr' id='par_1_7' title="bbox 245 3632 1439 3968">
     <span class='ocr_line' id='line_1_30' title="bbox 332 3632 1437 3707; baseline 0.005 -18"><span class='ocrx_word' id='word_1_259' title='bbox 332 3635 352 3700; x_wconf 70' lang='lat'>³)</span> <span class='ocrx_word' id='word_1_260' title='bbox 371 3632 446 3690; x_wconf 84' lang='lat' dir='ltr'>Cave</span> <span class='ocrx_word' id='word_1_261' title='bbox 465 3634 617 3691; x_wconf 85' lang='lat' dir='ltr'>credideris</span> <span class='ocrx_word' id='word_1_262' title='bbox 642 3636 726 3690; x_wconf 89' lang='lat' dir='ltr'>talem</span> <span class='ocrx_word' id='word_1_263' title='bbox 750 3635 861 3707; x_wconf 90' lang='lat' dir='ltr'>ellipsin</span> <span class='ocrx_word' id='word_1_264' title='bbox 885 3637 1063 3692; x_wconf 88' lang='lat' dir='ltr'>statuendam</span> <span class='ocrx_word' id='word_1_265' title='bbox 1089 3654 1151 3693; x_wconf 88' lang='lat' dir='ltr'>esse</span> <span class='ocrx_word' id='word_1_266' title='bbox 1172 3637 1216 3691; x_wconf 88' lang='lat' dir='ltr'>his</span> <span class='ocrx_word' id='word_1_267' title='bbox 1235 3637 1352 3694; x_wconf 87' lang='lat' dir='ltr'>Homeri</span> <span class='ocrx_word' id='word_1_268' title='bbox 1370 3639 1437 3694; x_wconf 89' lang='lat' dir='ltr'>locis</span> 
     </span>
     <span class='ocr_line' id='line_1_31' title="bbox 246 3720 1439 3798; baseline 0.006 -24"><span class='ocrx_word' id='word_1_269' title='bbox 246 3732 269 3774; x_wconf 82' lang='lat' dir='ltr'>Y</span> <span class='ocrx_word' id='word_1_270' title='bbox 284 3722 316 3774; x_wconf 88' lang='lat'>13</span> <span class='ocrx_word' id='word_1_271' title='bbox 334 3720 369 3782; x_wconf 76' lang='grc' dir='ltr'>ὣς</span> <span class='ocrx_word' id='word_1_272' title='bbox 392 3725 417 3776; x_wconf 77' lang='grc' dir='ltr'>οὶ</span> <span class='ocrx_word' id='word_1_273' title='bbox 440 3725 492 3793; x_wconf 74' lang='grc' dir='ltr'>μὲν</span> <span class='ocrx_word' id='word_1_274' title='bbox 514 3723 576 3784; x_wconf 63' lang='lat' dir='ltr'>Arde</span> <span class='ocrx_word' id='word_1_275' title='bbox 598 3724 676 3778; x_wconf 80' lang='grc' dir='ltr'><em>ἔνάον</em></span> <span class='ocrx_word' id='word_1_276' title='bbox 699 3723 836 3797; x_wconf 76' lang='grc' dir='ltr'><em>ἀγηγέρατ’</em></span> <span class='ocrx_word' id='word_1_277' title='bbox 862 3764 868 3777; x_wconf 91' lang='grc'><strong>.</strong></span> <span class='ocrx_word' id='word_1_278' title='bbox 891 3764 898 3778; x_wconf 92' lang='grc'><strong>.</strong></span> <span class='ocrx_word' id='word_1_279' title='bbox 922 3724 1016 3778; x_wconf 54' lang='grc' dir='ltr'>ί11200</span> <span class='ocrx_word' id='word_1_280' title='bbox 1035 3742 1075 3795; x_wconf 89' lang='lat' dir='ltr'>sq.</span> <span class='ocrx_word' id='word_1_281' title='bbox 1103 3728 1129 3778; x_wconf 73' lang='grc' dir='ltr'>οἱ</span> <span class='ocrx_word' id='word_1_282' title='bbox 1152 3726 1204 3796; x_wconf 72' lang='grc' dir='ltr'><em>μὲν</em></span> <span class='ocrx_word' id='word_1_283' title='bbox 1228 3723 1280 3798; x_wconf 79' lang='grc' dir='ltr'>ἄρα</span> <span class='ocrx_word' id='word_1_284' title='bbox 1308 3724 1439 3795; x_wconf 64' lang='grc' dir='ltr'><em>Ζεφύροιο</em></span> 
     </span>
     <span class='ocr_line' id='line_1_32' title="bbox 245 3807 1438 3883; baseline 0.004 -24"><span class='ocrx_word' id='word_1_285' title='bbox 245 3809 353 3869; x_wconf 62' lang='lat' dir='ltr'>ducatos</span> <span class='ocrx_word' id='word_1_286' title='bbox 369 3807 466 3881; x_wconf 73' lang='grc' dir='ltr'><em>ἀθρόοι</em></span> <span class='ocrx_word' id='word_1_287' title='bbox 484 3810 560 3863; x_wconf 81' lang='grc' dir='ltr'><em>ἕνάον</em></span> <span class='ocrx_word' id='word_1_288' title='bbox 578 3813 716 3877; x_wconf 75' lang='grc' dir='ltr'><em>εἰλαπίνην</em></span> <span class='ocrx_word' id='word_1_289' title='bbox 736 3812 870 3865; x_wconf 73' lang='grc' dir='ltr'><em>δαίνυντο.</em></span> <span class='ocrx_word' id='word_1_290' title='bbox 907 3809 1082 3866; x_wconf 77' lang='lat' dir='ltr'>Aduerbium</span> <span class='ocrx_word' id='word_1_291' title='bbox 1101 3811 1174 3865; x_wconf 85' lang='lat' dir='ltr'>enim</span> <span class='ocrx_word' id='word_1_292' title='bbox 1197 3812 1275 3865; x_wconf 81' lang='grc' dir='ltr'><em>ἔνάον</em></span> <span class='ocrx_word' id='word_1_293' title='bbox 1293 3811 1438 3883; x_wconf 80' lang='lat' dir='ltr'>praeposi·</span> 
     </span>
     <span class='ocr_line' id='line_1_33' title="bbox 246 3893 1180 3968; baseline 0.003 -21"><span class='ocrx_word' id='word_1_294' title='bbox 246 3894 329 3949; x_wconf 90' lang='lat' dir='ltr'>tionis</span> <span class='ocrx_word' id='word_1_295' title='bbox 348 3899 377 3948; x_wconf 74' lang='grc' dir='ltr'><em>ἐν</em></span> <span class='ocrx_word' id='word_1_296' title='bbox 395 3893 456 3950; x_wconf 91' lang='lat' dir='ltr'>loco</span> <span class='ocrx_word' id='word_1_297' title='bbox 475 3895 597 3964; x_wconf 89' lang='lat' dir='ltr'>positum</span> <span class='ocrx_word' id='word_1_298' title='bbox 617 3913 687 3965; x_wconf 86' lang='lat' dir='ltr'>esse,</span> <span class='ocrx_word' id='word_1_299' title='bbox 707 3896 887 3952; x_wconf 87' lang='lat' dir='ltr'>manifestum</span> <span class='ocrx_word' id='word_1_300' title='bbox 906 3901 957 3952; x_wconf 80' lang='lat' dir='ltr'>est.</span> <span class='ocrx_word' id='word_1_301' title='bbox 995 3895 1033 3951; x_wconf 87' lang='lat' dir='ltr'>Cf.</span> <span class='ocrx_word' id='word_1_302' title='bbox 1053 3915 1079 3967; x_wconf 89' lang='lat' dir='ltr'>p.</span> <span class='ocrx_word' id='word_1_303' title='bbox 1092 3897 1127 3950; x_wconf 87' lang='grc'>42</span> <span class='ocrx_word' id='word_1_304' title='bbox 1139 3914 1180 3968; x_wconf 91' lang='lat' dir='ltr'>sq.</span> 
     </span>
    </p>
   </div>
   <div class='ocr_carea' id='block_1_6' title="bbox 332 3995 711 4070">
    <p class='ocr_par' dir='ltr' id='par_1_8' title="bbox 332 3995 711 4070">
     <span class='ocr_line' id='line_1_34' title="bbox 332 3995 711 4070; baseline 0.008 -20"><span class='ocrx_word' id='word_1_305' title='bbox 332 3997 354 4066; x_wconf 87' lang='lat'>⁴)</span> <span class='ocrx_word' id='word_1_306' title='bbox 375 3995 414 4051; x_wconf 80' lang='lat' dir='ltr'>Cf.</span> <span class='ocrx_word' id='word_1_307' title='bbox 432 3996 540 4053; x_wconf 87' lang='lat' dir='ltr'>Escher</span> <span class='ocrx_word' id='word_1_308' title='bbox 558 3997 574 4055; x_wconf 93' lang='lat' dir='ltr'>l.</span> <span class='ocrx_word' id='word_1_309' title='bbox 594 3998 611 4053; x_wconf 88' lang='lat' dir='ltr'>l.</span> <span class='ocrx_word' id='word_1_310' title='bbox 629 4017 656 4070; x_wconf 91' lang='lat' dir='ltr'>p.</span> <span class='ocrx_word' id='word_1_311' title='bbox 669 4000 711 4053; x_wconf 88' lang='lat'>63.</span> 
     </span>
    </p>
   </div>
   <div class='ocr_carea' id='block_1_7' title="bbox 245 4100 1437 4262">
    <p class='ocr_par' dir='ltr' id='par_1_9' title="bbox 245 4100 1437 4262">
     <span class='ocr_line' id='line_1_35' title="bbox 332 4100 1437 4177; baseline 0.001 -21"><span class='ocrx_word' id='word_1_312' title='bbox 332 4100 351 4170; x_wconf 80' lang='lat'>⁶)</span> <span class='ocrx_word' id='word_1_313' title='bbox 372 4100 508 4156; x_wconf 88' lang='lat' dir='ltr'>Similiter</span> <span class='ocrx_word' id='word_1_314' title='bbox 527 4102 707 4173; x_wconf 85' lang='lat' dir='ltr'>explicandus</span> <span class='ocrx_word' id='word_1_315' title='bbox 726 4109 770 4158; x_wconf 90' lang='lat' dir='ltr'>est</span> <span class='ocrx_word' id='word_1_316' title='bbox 788 4102 835 4157; x_wconf 93' lang='lat' dir='ltr'>hic</span> <span class='ocrx_word' id='word_1_317' title='bbox 854 4121 965 4175; x_wconf 89' lang='lat' dir='ltr'>quoque</span> <span class='ocrx_word' id='word_1_318' title='bbox 979 4101 1126 4174; x_wconf 85' lang='lat' dir='ltr'>Sophoclis</span> <span class='ocrx_word' id='word_1_319' title='bbox 1145 4105 1222 4160; x_wconf 90' lang='lat' dir='ltr'>locus</span> <span class='ocrx_word' id='word_1_320' title='bbox 1237 4108 1303 4162; x_wconf 87' lang='lat' dir='ltr'>Ant.</span> <span class='ocrx_word' id='word_1_321' title='bbox 1319 4106 1386 4160; x_wconf 88' lang='grc'><strong>1103</strong></span> <span class='ocrx_word' id='word_1_322' title='bbox 1397 4122 1437 4177; x_wconf 91' lang='lat' dir='ltr'>sq.</span> 
     </span>
     <span class='ocr_line' id='line_1_36' title="bbox 245 4188 1036 4262; baseline 0.004 -19"><span class='ocrx_word' id='word_1_323' title='bbox 245 4194 418 4262; x_wconf 75' lang='grc' dir='ltr'><em>συντέμνουσι</em></span> <span class='ocrx_word' id='word_1_324' title='bbox 435 4189 482 4256; x_wconf 85' lang='lat' dir='ltr'>(sc.</span> <span class='ocrx_word' id='word_1_325' title='bbox 499 4188 571 4260; x_wconf 81' lang='grc' dir='ltr'><em>ὃάύν)</em></span> <span class='ocrx_word' id='word_1_326' title='bbox 590 4231 595 4242; x_wconf 91' lang='grc'>.</span> <span class='ocrx_word' id='word_1_327' title='bbox 617 4237 621 4245; x_wconf 93' lang='grc'>,</span> <span class='ocrx_word' id='word_1_328' title='bbox 642 4233 648 4246; x_wconf 85' lang='grc'><strong>.</strong></span> <span class='ocrx_word' id='word_1_329' title='bbox 668 4189 726 4252; x_wconf 82' lang='grc' dir='ltr'><em>τούς</em></span> <span class='ocrx_word' id='word_1_330' title='bbox 744 4190 914 4262; x_wconf 81' lang='grc' dir='ltr'><em>κακόγρσνας</em></span> <span class='ocrx_word' id='word_1_331' title='bbox 931 4190 1036 4258; x_wconf 71' lang='grc' dir='ltr'><em>βλάβαι.</em></span> 
     </span>
    </p>
   </div>
   <div class='ocr_carea' id='block_1_8' title="bbox 0 0 1654 5059">
    <p class='ocr_par' dir='ltr' id='par_1_10' title="bbox 0 0 1654 5059">
     <span class='ocr_line' id='line_1_37' title="bbox 0 0 1654 5059; baseline 0 0"><span class='ocrx_word' id='word_1_332' title='bbox 0 0 1654 5059; x_wconf 95' lang='lat' dir='ltr'> </span> 
     </span>
    </p>
   </div>
  </div>
 </body>
</html>
