3300 5059
719 354 936 414 -15-

229 545 362 631 ἔγνωκα
398 544 462 629 γὰρ
497 544 537 630 δὴ
570 543 685 625 φωτὸς
711 541 939 628 ἠπατημένηῐ)
965 540 1040 603 Eur.
1062 540 1110 603 El.
1135 544 1195 604 123
1230 556 1334 606 κεῖσαι
1362 559 1422 616 σας

41 657 45 664 ’
162 642 184 719 .’
231 650 355 734 ἀλόχου
378 650 546 732 esayam)
563 647 645 711 Plat.
663 667 764 729 symp.
782 646 844 709 203
862 644 925 710 Βὸ
947 642 1008 709 οὖν
1030 644 1141 730 Πόρος
1162 647 1340 730 μεθυσθεὶς
1364 649 1424 710 τοῦ

84 837 88 844 ἡ
189 837 196 843 ¹
231 751 433 837 vr'xruqogl).
478 749 702 837 {Statuendum
723 750 822 832 igitur
851 755 901 812 est
927 745 1118 832 Sophoclem
1146 749 1327 813 electiorem
1355 771 1422 812 ser-

231 860 333 921 monis
360 855 490 920 modum
523 855 714 939 expetivisse
748 855 815 917 sive
849 853 1002 917 homerici
1030 852 1120 916 verbi
1145 852 1323 939 τέρπεσθαι
1345 874 1421 917 usus

233 962 421 1026 meminerat
440 961 506 1023 sive
528 959 590 1022 hoc
613 958 683 1024 loco
701 957 844 1022 dativum
860 957 1137 1021 instrumentalem
1152 959 1258 1021 minus
1273 956 1423 1023 idoneum

236 1064 362 1130 videbat
385 1086 456 1128 esse
478 1065 609 1128 notione
632 1062 764 1127 ablativi
772 1061 808 1144 4).

316 1169 486 1232 Diversum
508 1169 541 1230 in
564 1165 694 1230 modum
717 1188 785 1229 rem
807 1172 977 1250 gesserunt
998 1167 1058 1229 viri
1082 1166 1167 1230 docti
1190 1167 1223 1228 in
1246 1164 1422 1229 enodandis

198 1255 202 1263 ¹
233 1272 484 1353 difficultatibus,
519 1292 599 1355 quas
634 1270 764 1334 exhibet
791 1276 953 1334 structura
979 1272 1132 1354 παριέναι
1160 1269 1251 1345 τινός
1277 1269 1338 1334 hoc
1366 1267 1423 1333 So-

230 1376 356 1462 phoclis
382 1376 453 1440 loco
477 1372 513 1439 (ν.
538 1373 572 1439 0.
599 1376 678 1440 1211
697 1395 745 1458 sq.
775 1371 864 1449 ὅστις
895 1377 955 1439 τοῦ
981 1374 1121 1449 πλέονος
1153 1374 1273 1459 μέρους
1305 1372 1424 1459 χρῄζει,

233 1484 293 1547 τοῦ
321 1482 455 1566 μετρίου
481 1480 595 1565 παρεὶς
623 1477 730 1562 ζώειν.
775 1475 862 1553 Quas
890 1484 925 1541 ut
953 1476 1141 1562 effugerent,
1176 1477 1335 1560 fuerunu)
1371 1479 1425 1561 qui

231 1586 408 1670 genitivum
436 1569 494 1649 roi
516 1584 652 1668 μετρίου
674 1604 692 1645 e
714 1581 893 1665 supplendo
916 1581 1071 1645 infinitivo
1086 1581 1177 1646 verbi
1198 1581 1317 1667 χρῄζει,
1340 1579 1426 1665 qued

231 1686 405 1773 praecedit,
431 1686 572 1772 pendere
599 1687 828 1751 existimarent.
880 1685 943 1749 Sed
972 1691 1080 1749 tamen
1112 1707 1190 1749 cave
1216 1693 1324 1749 vertas
1353 1708 1426 1749 cum

231 1791 364 1856 Wolffio
389 1790 444 1876 (ad
465 1791 498 1855 h.
518 1791 569 1874 l.):
595 1812 682 1873 „wer
705 1789 762 1853 des
785 1789 940 1874 langeron
963 1789 1069 1853 Teiles
1093 1789 1238 1873 begehrt,
1261 1789 1369 1854 indem
1392 1812 1426 1853 er

234 1896 290 1961 des
312 1897 475 1979 m'a'ssigen
502 1917 541 1958 zu
569 1894 731 1978 begehren
759 1893 995 1974 verabsiiumt“;
1024 1895 1132 1978 inepta
1159 1895 1242 1957 enim
1270 1896 1427 1957 sententia

233 1999 350 2082 evadit,
374 2000 524 2083 quoniam
546 1998 617 2062 luce
633 1998 749 2063 clarius
766 2005 823 2081 est,
849 1999 902 2081 qui
924 1997 1053 2082 longam
1077 2003 1216 2061 aetatem
1232 2004 1330 2081 optet,
1354 2021 1426 2062 eum

232 2102 393 2168 mediocre
424 2124 550 2187 quoque
584 2104 724 2186 spatium
751 2103 837 2165 vitae
870 2100 1011 2185 optando
1045 2100 1203 2185 amplecti.
1254 2102 1427 2166 Praeterea

64 2203 68 2208 ’
159 2266 161 2270 ,
233 2208 290 2272 illa
311 2207 415 2273 versio
439 2229 512 2271 cum
535 2207 624 2271 cheri
648 2207 807 2270 sententia
821 2211 954 2290 pugnat,
979 2227 1075 2290 quam
1091 2227 1138 2270 ve.
1159 2207 1241 2270 1225
1257 2228 1327 2290 sqq.
1351 2228 1426 2291 pro·

234 2310 341 2376 fitetur
368 2310 585 2394 considerans,
614 2311 726 2394 quanti
747 2310 814 2373 vita
846 2308 1046 2373 aestimanda
1072 2311 1114 2373 sit
1141 2310 1197 2396 (μὴ
1230 2313 1332 2392 φῦναι
1367 2310 1428 2376 τὸν

235 2413 368 2482 ἅπαντα
409 2418 487 2505 νικᾷ
528 2413 631 2498 λόγον
668 2413 765 2497 art).
824 2411 937 2496 Neque
974 2414 1171 2496 argumentis
1209 2414 1426 2498 exemplisque

202 2530 206 2539 “
234 2518 377 2583 stabilita
403 2526 453 2582 est
480 2519 587 2603 opinio
615 2517 768 2600 eorumi),
798 2518 852 2600 qui
879 2517 1057 2600 genitivum
1084 2538 1102 2579 e
1129 2518 1160 2580 vi
1186 2519 1323 2581 neminis
1351 2517 1425 2582 sub-

236 2624 377 2700 stantivi,
423 2644 519 2707 quam
556 2621 760 2705 participium
797 2620 858 2684 sibi
895 2619 1066 2700 induisset,
1108 2619 1248 2705 pendere
1286 2629 1425 2686 censent.

321 2830 341 2901 ¹)
359 2830 519 2887 Lobcckius
552 2830 588 2885 a'd
615 2830 641 2885 h.
669 2830 687 2884 l.
720 2830 925 2900 interpretatur
957 2828 1016 2898 ,μῆς
1038 2828 1149 2900 γνώμης
1171 2829 1252 2884 αὐτοῦ
1271 2829 1426 2903 ἆμαρτοῖιοα

234 2917 279 2972 vel
298 2918 377 2972 αὐτοῦ
398 2924 499 2973 ἐκείνου
521 2919 717 2986 cummim,
739 2932 794 2971 non
818 2914 893 2987 quod
915 2914 1082 2970 scholiastes
1106 2916 1237 2986 opinatur
1260 2916 1304 2971 ὑπ’
1322 2917 1427 2972 αὖτοῦ“.

234 3002 275 3057 Of.
288 3000 466 3058 Schambach
483 3003 500 3060 l.
514 3021 537 3059 c.
550 3008 579 3058 et
596 3001 714 3057 Kfihner
732 3002 749 3056 l.
762 3001 778 3058 l.
793 3021 820 3074 p.
834 3003 893 3064 341,
913 3002 938 3055 2.

321 3089 343 3161 ²)
361 3089 504 3161 Euripidis
522 3091 599 3146 locus
618 3090 664 3146 Or.
677 3091 729 3145 479
748 3093 856 3162 πληγεὶς
875 3088 1009 3163 θυγατρὸς
1027 3090 1069 3156 τῆς
1087 3092 1152 3162 ἐμῆς
1169 3090 1320 3146 mendosus
1340 3095 1391 3146 est.

323 3175 344 3246 ³)
364 3174 489 3241 Quorum
506 3178 536 3232 in
553 3194 669 3232 numero
688 3176 794 3231 habere
813 3174 926 3231 videtur
944 3174 1067 3230 Hensius
1086 3176 1103 3230 l.
1117 3176 1132 3232 l.
1147 3196 1173 3248 p.
1186 3179 1220 3232 96
1239 3184 1268 3233 et
1279 3178 1330 3231 213
1355 3178 1428 3232 hunc

235 3280 347 3335 quoque
359 3261 507 3335 Sophoclis
526 3264 616 3319 locum
637 3262 736 3319 Trach.
752 3266 765 3316 1
790 3261 869 3334 λόγος
887 3268 938 3335 μέν
956 3262 1006 3341 ἐστ’
1026 3263 1140 3337 ἀρχαῖος
1156 3266 1312 3337 ἀνθρώπων
1324 3273 1428 3334 μανεὶς,

237 3368 357 3420 quocum
376 3349 488 3405 confero
507 3349 586 3405 Pind.
605 3350 685 3405 Nem.
704 3350 746 3405 lll
765 3349 799 3404 52
809 3367 852 3420 sq.

321 3436 342 3503 ⁴)
366 3434 406 3491 Cf.
429 3435 502 3491 Plat.
520 3435 639 3493 Phaedr.
657 3455 684 3509 p.
697 3437 748 3491 239
767 3446 793 3491 Ε
813 3436 943 3491 τοσούτων
965 3438 1056 3491 κακῶν
1078 3440 1124 3492 καὶ
1147 3443 1184 3492 ἔτι
1206 3437 1336 3493 πλειόνων
1358 3440 1428 3493 κατα

236 3523 283 3590 τὴν
300 3524 425 3578 διάνοιαν
442 3522 554 3597 ἐραστὴν
571 3528 695 3598 ἐρωμένῳ
713 3522 819 3595 ἀνάγκη
837 3527 1009 3595 γιγνομένων
1024 3544 1051 3577 τε
1069 3526 1115 3577 καὶ
1134 3523 1209 3592 φύσει
1231 3524 1352 3594 ἐνόντων,
1376 3526 1429 3580 τῶν

237 3612 288 3678 μὲν
305 3609 425 3677 ἥδεσθαι,
452 3608 485 3664 τοὶ
509 3612 537 3664 δὲ
558 3609 773 3681 παρασκευάζειν,
809 3607 834 3664 Ε
857 3607 1060 3664 recentioribus
1091 3609 1275 3681 scriptoribus
1300 3612 1428 3681 exempla

240 3696 356 3751 contulit
374 3695 574 3767 Bernhardyus
592 3696 609 3750 l.
624 3696 641 3751 l.
656 3713 684 3767 p.
698 3696 740 3752 69.

324 3781 343 3848 ὗ)
362 3781 449 3837 Velut
466 3782 627 3845 Doderlein
647 3783 789 3854 specimen
806 3799 870 3837 nov.
892 3781 951 3837 edit
977 3787 1049 3854 trag.
1069 3780 1155 3854 Soph.
1176 3784 1243 3837 1814
1261 3801 1288 3854 p.
1300 3784 1342 3840 29.

324 3868 345 3939 6)
364 3867 403 3925 cf.
428 3868 556 3925 Wunder
583 3869 619 3923 ad
642 3869 704 3925 hl.
750 3868 807 3924 Sed
838 3869 967 3940 exempla
994 3886 1009 3923 e
1036 3867 1176 3941 Sophocle
1205 3871 1267 3942 ipso
1296 3877 1429 3941 excerpta

238 3953 321 4011 aliter
338 3957 502 4028 variumque
520 3957 549 4010 in
568 3955 680 4012 modum
700 3954 876 4027 explananda
888 3963 954 4010 sunt
972 3955 1014 4020 (Ο.
1028 3953 1056 4011 C.
1070 3957 1129 4010 436.
1148 3957 1192 4011 Ai.
1204 3958 1263 4011 534.
1278 3957 1307 4015 Ο,
1323 3957 1354 4012 R.
1368 3959 1428 4012 234.

237 4041 309 4097 Phil.
325 4042 354 4104 3,
381 4042 429 4097 ubi
456 4042 618 4098 Wunderus
646 4047 764 4098 annotat
791 4043 950 4115 „genitivus
981 4060 996 4097 e
1024 4047 1125 4098 natura
1150 4044 1291 4115 participii
1319 4047 1427 4115 aptus“.

237 4127 294 4184 Sed
318 4131 439 4185 nominis
463 4129 634 4185 substantivi
659 4131 702 4185 vis
726 4129 810 4201 plane
838 4128 1021 4184 desideratur.
1063 4128 1124 4194 Qua
1149 4129 1235 4186 dere
1259 4131 1346 4185 fusius
1369 4133 1428 4204 egit

236 4216 401 4272 Lobeckius·
415 4217 452 4272 ed
469 4217 538 4274 ΑΝ
556 4235 582 4289 p.
597 4217 647 4272 179
664 4234 706 4288 sq.
