3300 5059
737 344 953 405 -28-

251 535 421 619 ἐμπίπτειν
474 534 715 598 transitivorum
768 532 938 597 verborum
991 555 1085 597 usum
1139 533 1200 597 sihi
1256 531 1438 597 adscivisse.

250 639 361 720 Neque
385 638 500 702 desunt
516 635 663 721 exempla
678 658 760 717 quae
783 635 919 700 eandem
934 635 1127 699 locutionem
1148 635 1329 718 exhibeant,
1352 636 1441 700 velut

251 740 348 827 Soph.
366 740 547 808 001533
565 739 670 823 οίδῖγον
687 739 779 828 τήνδ>
804 738 982 826 ένοικόσεις
991 742 1015 823 ¹)
1036 739 1135 805 πόλιν
1146 740 1263 804 Aesch.
1275 739 1364 803 Pers.
1379 743 1440 804 140

251 845 327 912 τόδε
344 844 525 931 ἐνεζόμενοι
540 844 582 908 id.
597 843 674 908 0h0.
691 846 754 909 788
771 844 804 909 οἳ
816 844 924 928 μυχόν
940 843 1059 927 ε’νίζετε
1073 842 1116 907 id.
1134 843 1225 908 Eum.
1242 846 1305 908 404
1321 843 1441 928 βρέτας

251 950 409 1037 ἐφήμενος
434 948 511 1013 ibid.
534 950 596 1013 446
627 948 747 1034 βρέτας
774 947 969 1035 ίψεξόμιγνῖ)
1001 946 1043 1011 id.
1062 950 1118 1033 Ag.
1137 950 1196 1013 801
1227 948 1277 1024 ἰός
1299 949 1441 1032 καρδίαν

249 1053 451 1139 προσήμενος
471 1051 562 1116 Pind.
581 1050 629 1115 01.
645 1050 693 1114 VI
709 1053 750 1115 83
766 1049 788 1116 ίί
802 1050 836 1136 μ’
861 1051 1024 1117 ἐθέλοντα
1035 1050 1209 1137 προσέρπει
1220 1050 1337 1115 Aesch.
1351 1051 1438 1136 Sept.

250 1160 291 1222 33
309 1179 355 1240 sq.
382 1156 558 1242 πότερα..
578 1155 767 1221 ,ποτιπέσω
798 1155 899 1241 βρέτη
928 1154 1111 1240 δαιμόνων;
1146 1154 1243 1238 Soph.
1271 1155 1355 1218 Phil.
1377 1157 1439 1220 485

248 1263 441 1346 προσπίτνω
453 1278 486 1326 οε
500 1259 615 1344 γόνασι
629 1259 837 1344 (Eur.Suppl.
854 1262 902 1324 10.
945 1258 998 1345 ph.
1010 1259 1050 1323 A.
1064 1261 1137 1323 900.
1149 1258 1192 1324 id.
1208 1258 1285 1323 Hec.
1300 1261 1438 1344 339sq.).

248 1365 362 1451 ltaque
395 1386 460 1428 non
494 1363 604 1428 dubito
638 1384 767 1428 censere
801 1365 1018 1428 accusativum
1047 1361 1108 1429 όσα
1130 1362 1229 1446 Soph.
1246 1361 1283 1428 0.
1299 1363 1336 1427 R.
1356 1365 1438 1427 1208

251 1467 298 1534 όσ
322 1468 388 1552 ἐγώ
421 1467 614 1554 προοέκορσ
648 1467 711 1554 ἤδη
743 1469 872 1531 minime
905 1466 1130 1552 explicandum
1162 1488 1233 1531 esse
1261 1490 1278 1530 e
1311 1467 1440 1531 notione

252 1579 421 1657 „expertus
445 1572 547 1656 σαντί,
571 1575 707 1658 quaein
729 1573 829 1637 verbo
852 1573 1057 1658 προοέκνρσα
1079 1572 1222 1655 lateatss).
1268 1565 1273 1572 ⁸

335 1676 425 1740 Idem
448 1675 654 1741 iudicandum
677 1683 727 1741 est
749 1676 788 1740 de
808 1675 907 1740 verbo
932 1676 1132 1759 ἐξίστασθαι,
1155 1675 1330 1762 quodcum
1346 1696 1438 1740 accu-

250 1782 351 1845 satIvo
378 1782 521 1845 iunctum
544 1788 593 1845 est
615 1803 635 1845 a
657 1780 818 1865 Sophocle
844 1781 907 1845 hoc
933 1780 1004 1845 loco
1026 1782 1078 1851 Αἰ,
1096 1784 1136 1846 82
1160 1783 1351 1868 φρονοῦντα
1376 1779 1441 1866 γάρ

251 1910 303 1951 νιν
326 1884 387 1951 οὐκ
411 1886 453 1951 όν
477 1885 611 1972 ἐξέστην
634 1885 734 1971 ὄκνῳ,
757 1885 842 1969 quod
858 1884 984 1950 dicendi
999 1906 1101 1969 genus
1117 1886 1237 1969 optime
1259 1884 1439 1949 illustratur

250 1990 299 2053 his
317 1990 480 2074 exemplis:
505 1988 580 2053 Eur.
597 1988 714 2053 Bacch.
733 1992 816 2053 1044
841 1988 995 2076 ἐξέβημεν
1015 1988 1160 2056 Ἀσωποῦ
1183 1987 1262 2075 ῥοάς
1276 1988 1439 2054 HerodV

252 2097 313 2158 104
345 2092 528 2176 ἐξελθόντα
557 2094 596 2159 τό
625 2092 708 2159 όίοτν
735 2094 774 2158 τό
797 2094 1048 2178 Σαλαμινίωνί)
1081 2092 1180 2158 Thuc.
1198 2092 1278 2157 VIII
1306 2095 1379 2174 102,
1411 2097 1437 2157 1.

250 2197 442 2282 βουλόμενοι
477 2196 650 2263 ἐκπλεῦσαι
685 2196 745 2273 τὰς
772 2200 843 2262 τῶν
868 2200 1035 2283 πολεμίων
1057 2201 1147 2274 ναῦς.
1188 2197 1312 2262 Eodem
1335 2197 1439 2261 refero

249 2302 330 2366 haec
356 2301 489 2365 Homeri
512 2305 542 2367 Α
559 2305 622 2366 496
650 2301 826 2367 ἀνεδύσετο
855 2305 943 2387 κῦμα
977 2308 1014 2368 N
1025 2304 1087 2366 225
1112 2301 1269 2368 ἀνδύεται
1295 2301 1440 2385 πόλεμον

252 2409 351 2472 0227
365 2426 411 2489 sq.
437 2404 585 2489 ὑπόειξεν
607 2420 718 2492 χεῖρας
741 2405 865 2491 ἐμός5).

334 2508 448 2573 Restat
468 2517 505 2573 ut
527 2509 683 2574 disseram
706 2509 746 2573 de
768 2509 866 2574 verbo
890 2509 1018 2593 ψαύειν,
1042 2512 1092 2574 cui
1114 2509 1289 2593 Sophocles
1312 2515 1440 2593 praeter

248 2635 340 2677 usum
363 2616 580 2678 accusativum
602 2614 673 2679 loco
696 2616 828 2699 genitr'vi
857 2614 1010 2678 adnexuit
1031 2614 1081 2678 his
1110 2612 1233 2678 duobus
1261 2614 1341 2677 locis
1365 2613 1437 2677 Ant.

250 2719 313 2783 960
324 2738 393 2804 sqq.
418 2731 525 2793 κεῖνος
548 2718 607 2800 (sc.
630 2718 794 2783 Ἠδωνῶν
821 2718 985 2800 βασιλεύς)
1014 2717 1142 2802 ἐπέγνω
1164 2719 1297 2803 μανίαις
1319 2717 1441 2801 ψαύων

251 2822 311 2887 τόν
334 2822 415 2887 θεὸν
430 2821 467 2887 ἐν
479 2825 666 2907 κερτομίοις
683 2821 845 2906 γλώσσαις
859 2829 891 2886 et
902 2821 978 2886 ibid.
993 2825 1054 2887 857
1068 2842 1115 2905 sq.
1129 2820 1275 2907 ἔψαυσας
1291 2820 1437 2906 οίλγεινο-

336 3062 357 3124 1)
376 3061 415 3117 Gt.
433 3061 574 3124 Eur.,Alc.
589 3061 664 3115 1051.
701 3061 820 3117 Dativus
839 3064 982 3118 invenitur
1000 3061 1066 3116 Eur.
1086 3061 1167 3118 Herc.
1186 3061 1237 3116 fur.
1258 3061 1333 3115 1282.

337 3149 357 3219 ²)
377 3147 416 3203 Cf.
434 3147 500 3202 Eur.
519 3147 581 3203 Hel.
596 3147 670 3203 1492.

335 3236 357 3304 3)
376 3233 416 3290 Cf.
435 3233 532 3290 Nauck
554 3233 590 3289 ad
612 3233 639 3290 h.
659 3235 675 3288 l.
695 3235 811 3290 Kilhuer
834 3235 852 3289 l.
872 3236 887 3289 l.
908 3254 933 3306 p.
947 3237 995 3290 301
1022 3235 1083 3291 adn.
1099 3236 1129 3302 9,
1153 3234 1261 3290 Eschcr
1283 3235 1300 3289 1.
1320 3235 1338 3289 l.
1357 3253 1383 3306 p.
1399 3236 1440 3290 70.

249 3322 433 3377 Accusativos
452 3321 647 3391 pronominum
666 3319 712 3375 vel
731 3319 933 3375 adiectivorum
951 3322 1076 3375 neutrius
1095 3322 1208 3393 generis
1227 3326 1377 3393 congestos
1396 3321 1437 3375 in·

249 3410 344 3464 venies
360 3407 395 3462 ab
409 3406 542 3463 Eschero.
570 3405 640 3462 Cum
658 3408 812 3462 accusativi
831 3412 972 3462 structura
984 3407 1063 3462 verbi
1081 3414 1240 3480 προσευρεῖν
1257 3407 1311 3463 hoc
1330 3425 1440 3479 quoque

249 3494 425 3550 Pindaricum
449 3493 560 3548 confero
584 3493 667 3564 Pyth.
682 3494 709 3548 X
723 3494 757 3547 33
767 3511 808 3564 sq.
828 3492 932 3554 κλεινός
954 3492 1023 3548 όνων
1046 3493 1198 3565 ἑκατόμβας
1220 3493 1370 3555 ἐπιτόσσαις
1388 3496 1442 3568 θεῷ

248 3585 375 3654 ῥέζοντας.

335 3667 357 3739 ⁴)
377 3666 416 3723 Cf.
427 3666 463 3721 id.
475 3667 531 3722 VII
550 3667 592 3722 29.
619 3667 897 3722 Huebschmannius:
915 3666 972 3721 Zur
987 3665 1154 3722 Casuslehre
1174 3667 1241 3721 1815
1261 3686 1287 3738 p.
1298 3667 1332 3721 65
1351 3667 1438 3721 adnl

249 3755 345 3810 laudat
364 3772 414 3809 suo
432 3756 492 3809 iure
512 3753 616 3810 latinae
630 3754 742 3826 linguae
758 3754 931 3825 analogiam:
950 3756 1027 3809 exire
1042 3754 1148 3809 urbem.
1193 3753 1301 3809 Eodem
1311 3760 1440 3826 spectant

249 3840 454 3897 HerodoteaV
479 3842 529 3895 103
556 3841 736 3902 ἐκπλώσαντες
763 3844 810 3902 ἔξω
837 3841 883 3896 τόν
907 3841 1097 3908 Ἑλλήσποντον
1125 3845 1153 3895 ct
1179 3840 1234 3894 h'II
1257 3841 1292 3895 58
1318 3845 1367 3903 ἔξω
1395 3841 1443 3897 τόν

245 3928 436 3996 Ἑλλήσποντον
454 3932 537 3984 πλεῖν.
573 3928 631 3982 Nec
649 3945 729 3983 secus
748 3928 866 3982 verbum
885 3929 999 3998 ἐκπερᾶν
1017 3927 1052 3982 al.

336 4014 356 4085 ⁵)
375 4014 522 4070 Enotione
542 4014 666 4070 evitandi
680 4017 871 4069 accusativum
891 4013 1012 4085 pendere
1026 4020 1122 4069 censet
1134 4014 1274 4069 Escherus
1288 4013 1304 4068 1.
1316 4013 1371 4084 hp.
1383 4014 1439 4067 141.

249 4101 365 4156 Homeri
392 4107 486 4156 autem
514 4102 615 4157 locutio
644 4101 742 4156 eadem
768 4107 819 4171 est,
848 4119 918 4174 quae
945 4102 1087 4156 invenitur
1105 4101 1183 4156 Thuc
1203 4101 1231 4155 II
1250 4100 1319 4170 88,2
1337 4103 1439 4172 μηδένα

250 4188 328 4264 ὄχλον
339 4231 344 4241 .
357 4236 361 4244 ,
374 4231 379 4241 .
394 4188 548 4262 ὑποχωρεῖν,
