3300 5059
722 320 916 434 -e-

221 560 348 643 qualem
381 559 645 644 significationem
678 559 756 624 nudi
779 560 877 625 dativi
909 561 999 626 nulla
1027 564 1267 647 praepositione
1301 559 1410 625 addita

221 662 485 746 complectantur,
519 670 628 727 tamen
655 685 714 748 pro
748 671 836 728 certo
862 662 966 728 habeo
994 664 1137 730 dativum
1158 664 1294 751 Ἕκτορι
1321 665 1413 729 aliter

220 766 463 851 intelligendum
491 789 562 832 esse
589 773 686 851 atque
712 767 857 853 μύθοισι,
891 768 1014 833 scilicet
1039 768 1125 833 huuc
1152 791 1224 833 esse
1252 768 1411 833 medalem

220 870 272 934 vel
296 872 616 952 instrumentalem),
649 872 741 935 illum
767 872 924 937 illustrari
950 873 1001 937 his
1031 873 1196 958 exemplis
1230 873 1286 938 ubi
1312 872 1411 938 dativi

220 996 389 1059 personae,
412 983 448 1040 ut
468 978 514 1041 itu
536 974 649 1059 dicam,
672 977 880 1041 inveniuntur
905 979 987 1043 087
1008 999 1056 1061 sq.
1082 978 1215 1062 θέμιοτι
1239 977 1276 1043 δὲ
1299 982 1414 1043 καλλι-

221 1077 340 1166 παρήῳ
356 1081 485 1159 offatm)
504 1080 604 1154 δέπας
618 1085 650 1145 Β
665 1081 725 1144 186
743 1079 865 1163 δέξατό
888 1078 919 1147 ol
941 1083 1119 1169 σκῆπτρον.
1153 1079 1255 1157 Quem
1271 1079 1412 1145 dativum

223 1184 323 1267 quinti
338 1184 457 1248 saeculi
477 1191 593 1269 poetae
605 1206 733 1269 quoque
750 1192 945 1269 exceperunt
967 1185 1056 1249 velut
1066 1183 1166 1270 Soph.
1178 1185 1255 1249 Ant.
1270 1187 1353 1250 1170
1364 1206 1412 1269 sq.

223 1286 316 1353 τᾶλλ’
329 1286 397 1372 ἐγώ
420 1290 550 1354 καπνοῦ
572 1290 668 1363 σκιᾶς
690 1287 752 1354 οὐκ
768 1287 811 1354 ἂν
825 1281 985 1374 πριαίμην
1002 1287 1099 1374 ἀνδρὶ
1114 1289 1197 1375 πρὸς
1212 1288 1275 1375 τὴν
1289 1286 1414 1375 ἡδονήν

221 1391 350 1472 1111813)
366 1413 434 1455 ran.
450 1394 533 1457 1229
557 1391 624 1476 ἐγώ
644 1393 792 1478 πρίωμαι
816 1391 909 1476 τῷδ’,
934 1389 1034 1476 Soph.
1047 1391 1096 1455 ΕΙ.
1110 1394 1173 1456 226
1197 1413 1244 1476 sq.
1263 1395 1327 1458 τίνι
1341 1442 1347 1455 .
1363 1444 1370 1457 .
1384 1442 1412 1457 ..

221 1495 412 1582 πρόσφορον
434 1495 607 1581 ἀκούσαιμ’
631 1495 715 1573 ἔπος.
760 1496 847 1561 Num
870 1517 950 1581 opus
974 1502 1024 1560 est
1044 1498 1160 1561 iterum
1187 1517 1327 1579 monere,
1350 1519 1413 1582 quo

221 1607 347 1685 spectat
371 1602 571 1685 propositum
597 1623 720 1684 meum,
755 1623 794 1664 ex
821 1601 872 1665 his
899 1607 966 1665 tam
996 1601 1131 1665 diversis
1161 1601 1316 1687 exemplis
1342 1601 1414 1665 luce

222 1703 339 1769 clarius
362 1727 520 1790 apparere
543 1727 560 1769 e
582 1726 666 1769 nova
687 1705 778 1770 verbi
801 1708 979 1791 πειρᾶσθαι
1004 1706 1134 1770 notione
1162 1703 1262 1769 dativi
1278 1702 1414 1790 Ἕκτορι

223 1829 351 1873 causam
374 1808 547 1894 petendam
573 1830 638 1872 uon
666 1807 758 1872 esse?
807 1807 925 1873 Utrum
953 1809 1050 1892 igitur
1072 1806 1216 1872 dativum
1237 1814 1334 1891 posta
1354 1830 1413 1893 po-

223 1913 321 1976 suerit
347 1914 441 1975 metri
467 1913 660 1978 necessitate
688 1918 818 1976 coactus
850 1933 892 1976 an
919 1911 960 1977 ob
987 1910 1020 1975 id
1046 1912 1166 1997 ipsum,
1201 1910 1287 1996 quod
1315 1910 1414 1976 dativi

222 2017 308 2080 notio
341 2014 499 2080 hocloco
532 2017 655 2099 gratior
688 2017 717 2079 ei
754 2015 925 2080 videbatur
962 2037 1047 2098 esse,
1087 2013 1170 2079 effici
1201 2036 1266 2079 uon
1297 2021 1412 2100 potest.

222 2118 291 2196 Quo
313 2126 422 2184 autem
442 2118 536 2184 modo
553 2117 663 2201 dativi,
687 2140 767 2203 quos
781 2117 877 2183 modo
893 2118 997 2202 attuli,
1020 2140 1041 2183 a
1055 2120 1158 2205 poetis
1174 2118 1239 2182 siut
1251 2119 1412 2204 intellecti,

222 2225 404 2289 coniectura
431 2223 502 2288 sola
527 2244 592 2287 non
618 2221 799 2287 diiudicem.
850 2222 1113 2304 Delbrueckius4)
1140 2223 1210 2307 ipse
1242 2221 1281 2286 de
1303 2222 1413 2288 huius·

221 2327 309 2392 modi
331 2327 449 2411 dativo,
473 2327 528 2411 qui
550 2326 653 2391 verbis
678 2348 805 2411 quoque
828 2325 1016 2411 regnandiu
1040 2326 1111 2390 aliis
1134 2326 1286 2410 iungitur,
1309 2348 1414 2392 nonne

222 2429 348 2496 dubitat
384 2437 491 2495 utrum
531 2428 658 2494 dativus
696 2431 853 2513 genuinus
898 2452 940 2494 an
977 2429 1089 2494 localis
1126 2429 1314 2495 statuendus
1351 2430 1414 2495 sit?

306 2534 482 2600 Pindarum
493 2556 569 2599 vero
581 2534 659 2618 ipsis
671 2534 811 2617 antiquis
821 2534 1019 2619 temporibus
1031 2535 1138 2598 mirati
1150 2541 1225 2599 sunt
1235 2536 1296 2599 viri
1307 2554 1414 2619 gram-

221 2641 329 2705 matici
356 2646 485 2723 praeter
510 2637 678 2724 vulgarem
704 2659 798 2703 usum
825 2638 934 2702 verbis
960 2637 1115 2722 tangendi
1149 2659 1260 2703 casum
1286 2641 1415 2704 tertium

221 2767 278 2829 pro
311 2746 431 2809 usitato
464 2743 603 2828 genitivo
636 2743 793 2824 iunxisse,
831 2743 877 2807 ita
911 2749 947 2806 ut
978 2742 1060 2806 haec
1093 2744 1273 2826 proprietas
1308 2746 1415 2830 σχῆμα

222 2846 464 2935 necaonem)
486 2847 715 2912 nominaretur.
1459 2855 1461 2858 ’

308 3054 330 3125 ¹)
357 3050 586 3109 0111371120.

308 3140 330 3211 ²)
357 3137 397 3197 cf.
410 3162 429 3195 π
441 3139 483 3194 40.
510 3138 629 3209 Preger:
648 3137 850 3209 inscriptiones
868 3154 989 3209 graecae
1007 3139 1141 3194 metricae
1159 3139 1226 3194 1891
1245 3139 1342 3194 nr.57.
1358 3138 1415 3192 143.

221 3227 336 3284 Kaibcl:
354 3226 452 3300 Epigr.
465 3244 508 3300 gr.
521 3225 572 3280 740
591 3223 691 3295 (1878).

307 3315 327 3376 1)
347 3312 387 3370 Cf.
400 3312 557 3369 Delbrflck:
577 3310 729 3368 Grundriss
748 3310 798 3367 der
816 3310 1053 3383 vergleicheuden
1071 3311 1250 3368 Grammatik
1268 3310 1319 3367 der
1337 3310 1416 3367 indo-

221 3401 436 3474 germanischen
461 3399 605 3472 Spracheu
624 3397 754 3469 (Syutex)
773 3398 843 3453 1893
865 3416 892 3470 p.
905 3398 969 3469 227,
995 3398 1133 3455 eiusdem:
1157 3397 1341 3470 Gmudlageu
1367 3397 1417 3453 der

221 3488 326 3559 griech.
340 3489 449 3559 Syntax
467 3506 494 3560 p.
504 3488 546 3557 56,
565 3485 704 3542 eiusdem:
723 3484 848 3556 Ablativ,
867 3485 987 3556 Localis,
1005 3486 1232 3543 Instrumentalis
1250 3488 1316 3541 1867
1336 3503 1363 3557 p.
1375 3485 1416 3540 40.

223 3575 306 3631 Plura
329 3574 459 3647 exempla
476 3573 688 3646 Aristophanes
706 3576 842 3644 congesta
865 3578 931 3628 sunt
948 3592 966 3628 a
983 3574 1035 3630 Th.
1048 3573 1157 3630 Kockio
1182 3575 1210 3629 in
1229 3572 1292 3628 adn.
1305 3570 1341 3627 ad
1359 3571 1386 3626 h.
1399 3571 1416 3626 l.

223 3661 326 3718 Tamen
344 3663 372 3717 in
391 3661 477 3718 dubio
502 3660 659 3732 relinquam
681 3677 748 3715 num
771 3665 906 3732 πρίασθαὶ
930 3678 1070 3716 varocum
1093 3655 1255 3732 geimanica
1273 3659 1416 3716 locutione

220 3749 284 3820 jem.
295 3748 433 3805 ablaufen
447 3746 665 3820 comparandum
679 3746 731 3807 sit,
750 3744 834 3817 quod,
853 3747 877 3800 si
890 3764 996 3817 verum,
1009 3747 1098 3803 verba
1110 3749 1256 3820 πειρᾶσθαι
1269 3750 1298 3801 et
1311 3744 1417 3800 ἀκούειν

224 3839 253 3890 et
271 3836 331 3906 ipsa
347 3836 398 3891 tali
416 3835 500 3891 modo
519 3833 667 3890 tractanda
684 3838 758 3889 sunt.
788 3831 887 3903 Neque
906 3832 995 3888 verba
1013 3833 1151 3905 simplicia
1169 3851 1232 3888 cum
1251 3831 1416 3904 compositis

223 3939 389 4073 wmpffffi
397 3923 559 4066 111189οά1183
578 4028 605 4082 p.
618 4011 677 4066 247.
718 4007 878 4064 Deueckius
900 4006 918 4061 l.
931 4006 949 4062 l.
961 4025 989 4079 p.
1001 4007 1036 4061 23
1058 4025 1099 4080 sq.
1114 4006 1240 4062 dativum
1264 4005 1416 4078 genuinum

221 4095 364 4168 intelligit.

309 4182 330 4250 1)
350 4180 389 4240 of.
402 4182 495 4239 Hom.
514 4182 773 4251 1485,559,π264,
793 4178 1416 4251 Pind.P.x2,01.V1187‚Aes0h.1>r0m.

222 4272 264 4340 49,
282 4271 343 4326 940.
361 4270 438 4326 Eur.
451 4270 539 4326 Andr.
552 4271 614 4338 666,
631 4268 694 4326 Hel.
707 4270 758 4325 396
770 4269 805 4326 al.
817 4265 857 4323 Cf.
872 4268 987 4341 Krttger
1005 4268 1022 4324 l.
1036 4269 1053 4323 l.
1065 4269 1093 4324 11
1112 4269 1155 4337 47,
1172 4268 1215 4332 20,
1232 4268 1257 4322 3.

311 4358 334 4426 1)
351 4355 392 4412 Cf.
406 4357 499 4412 Schol.
512 4356 592 4411 Pind.
606 4356 680 4428 Pyth
701 4356 753 4410 295
771 4355 801 4411 τὸ
820 4357 913 4429 σχῆμα
932 4356 1044 4424 σύνηθες
1060 4358 1096 4431 τῷ
1114 4354 1250 4430 Πινδάρῳ.

1001 4451 1008 4466 .
1227 4458 1265 4513 1*
