3300 5059
724 299 917 393 ,γ’-

226 520 347 583 Deinde
385 520 435 584 his
469 542 597 604 quoque
630 518 762 584 Homeri
796 520 876 584 iocis
913 543 1042 586 sensum
1076 521 1213 586 satiandi
1253 545 1315 586 non
1345 544 1416 606 pre-

226 622 373 688 mendum
399 646 470 688 esse
493 646 608 689 censeo

431 786 450 844 λ
474 783 534 844 211
560 802 608 864 sq.
655 779 744 867 ὄφρα
768 784 824 846 καὶ
846 782 895 846 εἰν
917 781 1024 847 Ἀίδαο
1048 837 1054 848 .
1080 836 1085 848 .
1111 835 1117 848 .
1143 834 1149 845 .

432 882 612 970 ἀμφοτέρω
634 897 786 970 κρυεροῖο
809 884 1071 971 τεταρπώμεσθα
1096 886 1216 969 χόοιο1)

429 1007 456 1073 ψ
478 989 540 1052 345
564 1009 612 1074 sq.
637 1041 643 1052 .
669 1038 675 1050 .
701 1039 707 1051 .
732 987 877 1075 Ὀδυσῆα
901 989 1034 1054 ἐέλπετο
1055 991 1113 1073 (sc.
1132 989 1267 1076 Ἀθήνη)

431 1090 526 1178 εὐνῆς
548 1086 584 1178 ἧς
607 1091 732 1176 ἀλόχου
756 1089 961 1178 ταρπήμεναι
984 1092 1042 1179 ἠδὲ
1066 1094 1123 1158 καὶ
1145 1090 1258 1158 ὕπνου,

223 1248 275 1327 (cs.
296 1253 328 1313 Ω
355 1251 374 1310 2
402 1248 474 1332 sq.).
525 1246 630 1325 Quid?
664 1247 750 1331 quod
783 1248 885 1313 verba
911 1248 1049 1313 satiandi
1082 1251 1154 1333 ipsa
1182 1270 1309 1333 quoque
1343 1272 1414 1312 cum

225 1349 333 1416 dativo
356 1352 466 1416 innota
488 1353 694 1416 inveniuntur
716 1374 813 1417 seusu
835 1374 899 1417 non
921 1352 1066 1418 mutato?
1109 1352 1206 1416 Velut
1230 1358 1258 1419 θ
1279 1355 1341 1417 378
1366 1376 1413 1436 sq.

224 1457 330 1541 κορέει
364 1455 467 1531 κύνας
499 1455 550 1543 ἠδ’
584 1456 722 1530 οἰωνοὺς
757 1458 851 1544 δημῷ
884 1459 940 1522 καὶ
974 1456 1164 1543 σάρκεσσιῖ).
1218 1462 1246 1523 Λ
1275 1459 1336 1521 818
1365 1479 1412 1540 sq.

224 1557 314 1625 ἄσειν
351 1564 407 1641 (so.
441 1559 604 1645 ἐμέλλετε)
644 1612 650 1624 .
693 1613 699 1624 .
738 1612 744 1624 .
786 1560 889 1634 κύνας
930 1559 1045 1646 ἀργέτι
1084 1563 1184 1647 δημῷ.
1255 1559 1348 1638 Quod
1386 1562 1414 1625 si

223 1663 385 1746 primitiva
412 1685 451 1728 ac
475 1663 618 1749 vulgaris
644 1664 741 1750 xverbi
769 1667 882 1750 τέρπου
913 1666 1015 1737 notio,
1054 1687 1136 1748 quae
1164 1687 1184 1728 a
1211 1663 1248 1729 G.
1271 1663 1379 1729 Curtio
1387 1666 1414 1748 ³)

225 1767 357 1830 vertitur
383 1767 521 1850 effreue,
555 1769 587 1831 iu
614 1767 747 1832 Homeri
774 1766 968 1832 carminibus
995 1790 1059 1832 non
1093 1768 1196 1833 solum
1232 1767 1414 1852 omnibns4)

223 1869 300 1933 locis
344 1870 421 1934 ferri
463 1878 583 1957 potest,
634 1870 692 1936 sed
741 1873 839 1936 etiam
887 1892 953 1936 una
993 1873 1089 1957 longe
1137 1873 1304 1957 aptissima
1348 1879 1412 1954 est,

223 1994 346 2039 summo
395 1976 464 2038 iure
513 1974 768 2040 contendendum
817 1984 881 2059 est,
930 1975 1065 2040 eandem
1114 1978 1275 2041 notionem
1322 1975 1411 2039 verbi

223 2078 400 2164 τέρπεσθαι
427 2086 597 2163 utramque
624 2086 817 2144 structuram
845 2079 932 2145 haud
964 2102 1056 2145 seous
1083 2101 1122 2145 ao
1150 2080 1247 2145 verba
1274 2079 1411 2144 satiandi

223 2180 389 2247 admittere
422 2189 519 2267 atque
551 2184 584 2247 id
611 2186 688 2267 ipsis
719 2186 949 2268 antiquissimis
975 2185 1186 2267 temporibus,
1221 2184 1411 2268 praesertim

221 2308 293 2350 oum
331 2288 489 2351 sanseritu
527 2309 654 2372 quoque
692 2287 834 2374 linguar)
876 2287 1011 2352 eandem
1047 2290 1277 2374 proprietatem
1318 2310 1411 2372 prae·

219 2390 303 2454 beat.
349 2389 462 2474 Neque
490 2392 562 2454 miri
585 2393 755 2476 quisquam
778 2381 882 2457 habet
898 2392 979 2456 haeo
1006 2398 1239 2457 structurarum
1262 2394 1409 2470 varietas,

222 2516 318 2578 quam
340 2517 406 2558 non
429 2495 532 2560 solum
548 2494 681 2559 Homeri
697 2502 803 2559 aetate
818 2495 876 2560 sed
892 2498 989 2560 etiam
1003 2498 1228 2581 tragicorumss)
1243 2503 1409 2580 poetarum

220 2599 380 2684 permulta
402 2599 467 2663 alia
489 2599 589 2664 rerba
610 2620 708 2684 passa
731 2606 813 2665 sunt.
859 2600 983 2685 Inspice
1007 2622 1127 2684 quaeso
1150 2601 1231 2666 haee
1254 2623 1336 2686 qnae
1359 2623 1409 2665 se·

221 2710 361 2786 quuntur
388 2702 565 2790 exemplai)
595 2710 631 2769 H
651 2706 715 2768 410
741 2703 845 2791 πυρὸς
871 2706 1071 2790 μειλισσέμεν
1098 2702 1172 2771 ὦκα
1201 2706 1255 2788 (sc.
1278 2704 1409 2791 νεκρόν)

220 2811 250 2872 Ζ
268 2809 328 2872 331
353 2808 398 2894 μὴ
421 2806 508 2894 τάχα
531 2807 615 2874 ἄστυ
635 2807 738 2895 πυρὸς
762 2809 867 2895 δηίοιο
882 2809 1021 2897 θέρηται
1036 2809 1087 2891 (cf.
1106 2815 1135 2875 Λ
1152 2813 1214 2874 666
1234 2810 1295 2893 sq.)
1311 2810 1409 2875 1242

220 2911 324 2985 αὐτάς
347 2912 403 2996 (ss.
420 2915 512 3000 νῆας)
537 2913 565 2978 τ’
582 2911 755 2999 ἐμπρήσειν
776 2916 920 2999 μαλεροῖ
942 2912 1046 3000 πυρός
1067 2913 1118 2995 (ef.
1136 2917 1172 2979 11
1191 2916 1230 2979 81
1255 2914 1316 2999 sq.)
1333 2937 1353 2999 ρ
1368 2913 1409 2977 23

220 3015 288 3081 έπεί
311 3038 348 3081 κε
368 3015 471 3101 πυρὸς
504 3015 612 3102 θερέω
648 3019 721 3080 σ21
740 3036 786 3101 sq.
809 3015 854 3101 μέ
874 3033 931 3082 σε.
952 3018 1105 3100 ..χείλεα
1128 3016 1245 3102 φύρσω
1271 3014 1411 3101 αἵματος

305 3187 325 3255 ¹)
344 3184 383 3241 Of.
397 3196 427 3242 ψ
441 3187 485 3242 98.
509 3186 549 3240 10.
573 3194 600 3240 Ω
618 3187 677 3243 513.
697 3210 710 3242 ι
727 3188 786 3242 213.
805 3187 866 3242 251.
894 3189 980 3259 φ57;
1012 3206 1074 3245 oum
1107 3189 1220 3244 dativus
1251 3189 1411 3243 inveniatur

218 3276 236 3327 σ
247 3272 298 3328 102
309 3274 364 3346 γόῳ
377 3279 461 3346 ηρένα
473 3279 613 3346 τέρπομαι.
643 3272 685 3329 De
698 3274 871 3330 translaticio
884 3273 939 3330 hoo
951 3275 1032 3331 verbi
1043 3281 1187 3348 τέρπεσθαι
1199 3293 1252 3330 usu
1265 3276 1320 3329 iarn
1332 3280 1410 3330 recte
1427 3317 1433 3321 -

218 3359 353 3415 iudicavit
378 3357 406 3413 J.
422 3358 457 3414 H.
475 3356 660 3414 Schmidtius:
689 3359 863 3430 Synonymik
891 3360 941 3416 der
967 3361 1073 3431 grieoh.
1095 3358 1221 3431 Sprache
1247 3360 1410 3428 (1876-86)

305 3532 325 3601 ²)
343 3530 421 3587 CiN
441 3533 492 3587 831
511 3548 553 3603 sq.
571 3536 601 3587 et
618 3531 723 3588 Herod.
735 3532 777 3588 III
794 3533 830 3588 80
847 3532 908 3608 ὕβρι
925 3539 1106 3607 κεκορημένος.

304 3619 327 3689 ³)
346 3617 517 3690 Grundzdge
536 3617 587 3674 der
604 3617 710 3691 griech.
723 3618 903 3691 Etymologie
922 3619 933 3652 ⁵
951 3620 1020 3674 1879
1038 3637 1063 3690 p.
1078 3619 1137 3673 223.

303 3705 326 3777 ⁴)
345 3704 418 3761 Vide
441 3705 512 3761 haee
536 3722 608 3776 quae
625 3709 735 3760 restant
757 3707 878 3777 genitivi
896 3705 1025 3777 exempla
1036 3718 1059 3760 A
1077 3707 1135 3762 780.
1154 3706 1237 3762 ε201.
1256 3706 1326 3779 γ70.
1344 3708 1408 3768 799.

221 3804 233 3847 1
257 3793 307 3847 705
329 3809 371 3864 sq.
395 3807 417 3861 ψ
439 3792 492 3847 300
514 3791 551 3847 τιὰ
575 3792 604 3844 δ’
629 3795 684 3847 1πεὶ
703 3789 752 3848 eim
769 3796 906 3862 potituros
928 3793 1073 3866 ἐταρπήτην
1095 3794 1237 3868 ε’ρατεινης,
1264 3800 1410 3869 τερπέσθην

218 3879 339 3951 μύθοισι,
358 3877 406 3934 ubi
419 3879 532 3935 dativus
552 3883 581 3935 et
593 3880 736 3951 genitivus
754 3881 834 3934 iuxta
851 3881 938 3952 positi
955 3881 1144 3936 inveniuntur.
1176 3879 1296 3936 Dativus
1316 3885 1410 3937 exstat

218 3967 246 4020 in
265 3964 341 4023 hisce
359 3967 477 4023 Homeri
495 3967 644 4037 exemplis:
668 3976 691 4020 Β
710 3968 761 4022 773
779 3978 858 4038 qur
873 3968 915 4021 61.
934 3976 962 4021 ψ
979 3968 1021 4023 45.
1041 3972 1055 4029 ξ
1072 3969 1124 4021 244
1142 3986 1182 4040 sq.
1202 3971 1216 4030 ζ
1234 3969 1291 4023 104.
1312 3979 1335 4022 r
1349 3970 1408 4022 441.

304 4052 326 4123 ⁶)
346 4051 385 4110 of.
397 4053 556 4110 Delbrssck:
576 4053 729 4110 Grundriss
747 4071 774 4125 p.
787 4072 815 4125 p.
828 4054 887 4107 254.
906 4054 965 4109 315.

304 4140 316 4173 ⁸
354 4138 394 4196 Cf.
428 4142 488 4197 .14.

305 4140 327 4298 71
353 4158 450 4283 Dativi
476 4228 619 4299 exempla,
646 4228 694 4298 qui
723 4226 809 4298 vulgo
833 4226 888 4281 illis
917 4226 1011 4281 verbis
1034 4226 1217 4298 adiungatur,
1245 4244 1409 4282 enumerare

217 4312 395 4385 supersedeo.
