3300 5059
709 381 925 442 -29-

222 566 326 643 τάτας
350 567 419 653 ἐμοὶ
441 570 607 653 μερίμνας,
631 568 757 653 πατρὸς
775 568 986 654 τριπόλιστον
1006 566 1099 634 οἶτον
1107 570 1141 651 ¹).
1177 568 1284 652 Vulgo
1300 592 1319 632 a
1335 570 1411 631 viris

221 672 322 735 doctis
340 672 472 735 docetur
487 672 645 736 translata
666 672 898 754 significatione
918 671 1007 735 verbi
1031 673 1150 755 ψαύειν
1173 679 1205 736 et
1227 673 1413 755 increpandi

221 777 416 861 (κερτομεῖν,
444 776 621 862 λοιδορεῖν)
662 787 692 839 et
732 776 1001 840 commemorandi
1031 776 1162 860 (λέγειν,
1185 776 1414 864 Ιιινιγμονείειν)

221 881 439 944 accusativum
462 881 580 963 requiri
589 885 622 962 ²).
663 881 710 944 Ac
732 882 870 963 primum
887 879 1014 963 quidam
1035 902 1149 944 moneo
1172 881 1272 944 verba
1295 879 1414 963 murico>

221 992 253 1047 et
287 983 473 1068 θιγγάνειν,
510 1005 580 1047 cum
613 985 788 1069 genitivum
822 983 884 1046 sibi
918 983 1080 1047 vindicare
1108 986 1345 1066 consueverint,
1380 986 1411 1046 in

221 1088 341 1153 eisdem
374 1087 593 1171 similibusque
631 1086 896 1151 translationibus
930 1089 1106 1171 genitivum
1145 1088 1206 1152 sibi
1240 1088 1411 1152 adnectere

221 1191 334 1255 solere.
379 1191 469 1255 Haec
495 1191 565 1254 sola
594 1191 690 1254 liceat
719 1190 760 1254 ad
787 1190 920 1254 verbum
944 1191 1188 1255 transscribere:
1217 1191 1293 1256 Eur.
1310 1192 1411 1255 Andr.

222 1298 283 1360 249
309 1298 379 1360 τῶν
402 1295 492 1379 ε’μῶν
510 1294 646 1379 ψαθσεις
662 1298 780 1360 κακῶν
805 1293 848 1358 id.
862 1293 928 1357 Jon
942 1296 1004 1358 544
1028 1296 1107 1379 ψὲρε
1122 1295 1235 1379 λόγιον
1259 1295 1412 1380 ἁψώμεθ’

222 1398 365 1480 άλλωνθ)
389 1405 484 1485 atque
506 1398 600 1462 haec:
625 1398 741 1462 Aesch.
759 1398 819 1483 Ag.
840 1400 922 1461 1608
952 1400 1048 1463 τοῦδε
1079 1399 1222 1484 τάνδρὸς
1244 1399 1411 1486 ἡψάμηνθ)

221 1504 295 1572 Eur.
317 1502 478 1567 Heraclid.
503 1505 565 1567 652
593 1503 620 1567 εἰ
648 1504 683 1568 δὲ
713 1503 819 1568 τῶνδε
852 1504 1051 1586 speculan)
1082 1506 1160 1588 χερί.
1210 1501 1302 1579 Quod
1335 1526 1412 1567 vero

221 1607 301 1671 haec
316 1628 442 1694 quoque
458 1608 662 1671 inveniuntur
676 1606 798 1672 Archil.
811 1606 904 1690 frgm.
919 1609 955 1669 71
982 1606 1009 1670 εἰ
1034 1606 1098 1691 γάρ
1121 1605 1166 1682 ὡς
1189 1607 1259 1692 ἐμοὶ
1285 1608 1414 1691 γένοιτο

221 1725 313 1797 χεῖρα
342 1710 529 1798 Νεοβούλης
558 1712 711 1796 θιγεῖνθ),
740 1711 834 1774 facila
863 1713 1003 1773 animum
1029 1709 1193 1775 induxeris
1221 1719 1256 1775 ut
1290 1719 1412 1776 statuas

222 1815 414 1899 Sophoclem
437 1817 542 1901 ipsum
563 1837 690 1900 quoque
713 1837 777 1878 uon
799 1813 919 1878 tralata
934 1813 1024 1877 verbi
1050 1814 1166 1897 ψαύειν
1181 1816 1310 1879 notione
1326 1838 1413 1879 com·

220 1926 342 1984 motum
377 1941 448 1984 esse
481 1927 517 1983 ut
543 1922 761 1984 accusativum
787 1926 934 2003 poneret,
969 1917 1026 1982 sed
1061 1918 1146 2001 quod
1174 1919 1253 1983 haec
1281 1941 1413 1985 casuum

221 2023 407 2091 vicissitudo
434 2025 468 2087 in
494 2046 553 2088 usu
583 2030 662 2088 erat.
712 2023 836 2088 Horum
864 2025 946 2086 euim
978 2022 1196 2108 exemplorum
1231 2024 1413 2109 analogiam

222 2129 444 2194 advocandam
460 2151 530 2195 esse
553 2151 682 2194 censeo:
711 2129 803 2193 Pind.
817 2128 908 2192 Nem.
922 2128 971 2191 Ill
990 2131 1028 2193 10
1046 2149 1093 2212 sq.
1118 2128 1196 2214 άρχε
1220 2128 1259 2209 d',
1282 2129 1416 2215 οὐρανῷ

222 2290 228 2301 .
247 2287 253 2299 .
272 2233 458 2320 θύγατερ,
488 2233 627 2318 δόκιμον
654 2231 759 2317 ὕμνον
781 2233 862 2296 Plat.
879 2231 1016 2314 Euthyd.
1033 2254 1063 2316 p.
1082 2234 1143 2298 283
1167 2232 1194 2296 Ε
1219 2235 1414 2318 θαυμαστὸν

223 2339 288 2425 γάρ
315 2364 391 2404 τινα
422 2337 506 2425 ἀνὴρ
534 2340 677 2423 κατῆρχε
711 2336 814 2421 λόγον
842 2336 917 2400 Eur.
939 2335 1016 2399 Hec.
1039 2338 1101 2401 685
1129 2358 1176 2419 sq.
1205 2337 1414 2422 κατάρχομαι

222 2442 326 2529 νόμον
354 2449 511 2528 βακχεῖον
538 2442 589 2526 (ο1.
611 2441 651 2506 id.
670 2440 722 2507 Or.
741 2443 816 2523 960)
844 2440 919 2504 Eur.
941 2439 1009 2524 Iph.
1032 2440 1067 2504 Τ.
1093 2443 1155 2504 743
1183 2442 1223 2506 σὺ
1250 2441 1278 2506 δ’
1303 2440 1412 2528 ἔξαρχ’

223 2545 325 2632 ὅρκον
347 2546 399 2631 (cf.
417 2546 511 2610 Hom.
529 2551 560 2611 B
581 2548 643 2610 273
666 2544 720 2629 al.)
744 2545 860 2608 Aesch.
879 2542 964 2629 Sept.
984 2547 1046 2608 700
1076 2545 1180 2620 κακὸς
1206 2547 1246 2610 οὐ
1272 2546 1413 2633 κεκλήσῃ

222 2654 295 2731 βίον
317 2648 354 2716 εὖ
376 2650 548 2737 κνρήσαςλ)
571 2649 665 2714 Hom.
679 2655 710 2714 B
724 2651 787 2712 600
810 2649 997 2714 ε’κλὲλαθον
1020 2648 1219 2735 κιθαριστύν
1241 2653 1298 2731 (sc.
1311 2651 1378 2734 μιν)
1387 2652 1411 2735 8)

222 2754 298 2818 Eur.
312 2753 383 2820 Hel.
397 2756 460 2818 264
476 2776 523 2838 sq.
542 2754 603 2830 τάς
627 2752 728 2837 τύχας
746 2808 751 2818 .
769 2807 774 2817 .
794 2808 800 2818 .
818 2807 823 2816 .
843 2752 1050 2818 ἐπελάθοντο
1073 2751 1191 2816 Herod.
1205 2752 1252 2815 Vl
1271 2755 1330 2819 136
1355 2757 1413 2840 τῆς

308 2927 329 2996 1)
349 2925 476 2981 Verbum
494 2928 562 2997 λέγω
579 2930 645 2995 post
663 2943 764 2980 nomen
783 2929 855 2979 οἶνον
867 2923 1036 2979 audiendum
1050 2942 1112 2979 esse
1124 2943 1180 2980 non
1203 2925 1325 2982 concedo
1344 2926 1411 2980 Tra·

223 3012 341 3067 winskio
367 3011 420 3082 (De
443 3011 604 3066 accusativo
624 3029 658 3066 ex
676 3010 828 3082 phrasibus
852 3016 919 3082 apto
948 3010 1023 3082 apud
1050 3012 1174 3083 tragicos
1201 3030 1320 3083 graecos
1344 3013 1412 3067 1865

223 3118 248 3171 p.
259 3100 310 3167 32)
341 3098 420 3153 Idem
439 3099 484 3153 vir
502 3095 680 3153 doctissimus
699 3100 891 3152 accusativum
909 3098 955 3152 τὸν
975 3098 1037 3152 θεὸν
1056 3116 1071 3153 e
1090 3116 1175 3153 sensu
1194 3100 1280 3154 totius
1300 3099 1411 3170 phrasis

223 3185 319 3255 ψαύων
337 3191 365 3239 ἐν
383 3191 536 3260 κερτομίοις
553 3185 685 3256 γλώσσαις
704 3184 732 3254 (i.
752 3202 776 3239 e.
795 3183 943 3256 κερτομῶν)
962 3183 1084 3256 pendere
1104 3190 1191 3256 putat.
1224 3185 1411 3241 Nihilominus

221 3270 1411 3344 inquirendumest‚numcumverbopmirwipsoaccusativusomninoiungipotuerit.

308 3358 329 3427 2)
349 3357 388 3413 Cf.
401 3357 435 3412 K.
452 3356 543 3413 Lehrs
566 3358 608 3412 in:
631 3357 811 3412 Fleckeisens
835 3357 1014 3413 Jahrbilcher
1035 3358 1069 3412 85
1093 3376 1118 3428 p.
1132 3359 1191 3413 310.
1233 3358 1340 3414 Escher
1364 3359 1381 3414 l.
1395 3361 1411 3414 1.

221 3465 246 3518 p.
261 3447 302 3502 70.
321 3445 438 3502 Κ111111ε1
457 3445 473 3500 1.
486 3445 503 3500 l.
518 3463 543 3516 p.
557 3444 608 3500 299
627 3444 690 3499 adu.
704 3448 727 3499 7.
764 3444 878 3500 Ellendt
897 3445 913 3500 1.
927 3446 944 3499 l.
956 3463 984 3516 p.
998 3445 1056 3502 792.
1085 3444 1118 3501 G.
1133 3444 1243 3500 Curtius
1264 3445 1280 3499 l.
1294 3445 1310 3500 l.
1323 3465 1351 3518 p.
1362 3447 1410 3500 181

221 3550 242 3587 S.
255 3552 276 3589 Γ.
291 3542 321 3586 a
353 3534 387 3588 al.

308 3555 342 3688 ³17
349 3619 387 3675 Cf.
402 3620 467 3675 Eur.
481 3620 541 3675 Alc.
554 3620 605 3673 964
624 3618 711 3673 Andr.
725 3620 776 3674 662
794 3619 830 3674 id.
845 3619 924 3690 frgm.
938 3619 998 3686 924,
1018 3623 1031 3673 1
1052 3618 1138 3691 Soph.
1152 3619 1224 3674 Phil.
1238 3620 1288 3674 407
1307 3637 1348 3691 sq.

307 3707 329 3777 4)
349 3706 386 3763 Of.
400 3707 466 3761 Eur.
479 3706 579 3761 Bacch.
594 3707 669 3760 1183.

307 3794 328 3864 ⁵)
353 3793 470 3850 Clllur.
490 3793 576 3849 Andr.
597 3794 648 3847 758
670 3792 810 3849 Heraclid.
832 3793 891 3847 273.
915 3794 975 3849 270,
998 3793 1082 3865 Hipp.
1102 3794 1177 3848 1086.
1202 3793 1264 3865 lph.
1283 3793 1317 3846 A.
1336 3794 1412 3847 1361.

222 3882 287 3934 1351
299 3880 385 3952 Soph.
400 3880 430 3935 Ο.
445 3878 474 3935 C.
486 3882 544 3936 830.
556 3881 616 3935 856.
626 3880 685 3934 859.
696 3881 754 3933 863.
780 3880 916 3950 luspicias
928 3879 998 3934 hacc
1008 3897 1119 3951 quoque
1131 3880 1259 3951 exempla
1269 3879 1335 3933 Eur.
1344 3880 1411 3934 Heo.

221 3968 272 4022 728
284 3968 368 4038 Hipp.
378 3968 438 4036 885,
452 3968 518 4022 1044
531 3967 592 4038 Iph.
603 3967 636 4024 A.
650 3967 702 4022 950
715 3967 748 4022 al.
760 3999 793 4005 —
803 3965 869 4023 Eur.
882 3966 942 4021 Alc.
955 3967 1069 4020 108937
1082 3966 1149 4022 Hec.
1157 3966 1209 4020 242
1221 3967 1283 4021 Tro.
1296 3967 1364 4020 1216
1377 3966 1411 4020 al.

307 4055 329 4123 ⁶)
348 4053 490 4124 Euripidis
509 4053 586 4109 locus
605 4054 687 4110 Herc.
700 4055 752 4107 sur.
764 4055 816 4108 963
835 4071 876 4125 sq.
896 4053 980 4126 πατήρ
998 4057 1027 4108 άέ
1046 4076 1089 4107 νιν
1108 4053 1197 4126 θιγών
1210 4055 1339 4128 κραταιᾶς
1354 4077 1411 4128 χει-

220 4141 264 4215 ρὸς
282 4146 383 4196 ἐννέπει
401 4140 463 4195 τάδε
482 4159 547 4195 num
567 4140 749 4196 conferendus
769 4141 814 4208 sit,
834 4140 963 4195 dubitare
982 4140 1060 4210 licet,
1084 4158 1146 4195 cum
1170 4142 1347 4197 accusativus
1368 4164 1412 4194 νιν

220 4245 235 4282 e
255 4228 342 4283 verbo
360 4233 462 4283 ἐννέπει
480 4227 604 4299 pendere
622 4229 713 4299 possit
732 4227 809 4282 velut
828 4226 913 4298 Soph.
925 4229 971 4284 Ai.
982 4228 1032 4281 764
1052 4227 1129 4299 ὃμὲν
1141 4227 1195 4299 γάρ
1207 4227 1291 4282 αὐτὸν
1302 4232 1411 4283 ἐννέπει.

306 4315 327 4385 7)
347 4313 632 4370 uf.Pind.1sthm.v
651 4316 685 4369 36
703 4315 769 4370 Eur.
782 4314 849 4371 Hec.
863 4316 923 4369 698.
943 4314 1028 4369 Rhes.
1041 4315 1092 4368 113
1111 4333 1152 4385 sq.
1171 4315 1222 4369 695
1241 4315 1274 4371 al.

307 4403 328 4472 8)
349 4401 473 4458 Genitivi
494 4406 663 4457 stuioturam
681 4402 790 4456 invenis
809 4402 891 4456 Hom.
907 4402 1000 4473 hymn.
1015 4401 1085 4457 Veii.
1099 4401 1140 4455 40.
