<?xml version="1.0" encoding="UTF-8"?>
<!DOCTYPE html PUBLIC "-//W3C//DTD XHTML 1.0 Transitional//EN"
    "http://www.w3.org/TR/xhtml1/DTD/xhtml1-transitional.dtd">
<html xmlns="http://www.w3.org/1999/xhtml" xml:lang="en" lang="en">
 <head>
  <title>
</title>
<meta http-equiv="Content-Type" content="text/html;charset=utf-8" />
  <meta name='ocr-system' content='tesseract 3.04.00' />
  <meta name='ocr-capabilities' content='ocr_page ocr_carea ocr_par ocr_line ocrx_word'/>
</head>
<body>
  <div class='ocr_page' id='page_1' title='image "./decasuumsyntaxi00hillgoog_0032.png"; bbox 0 0 3300 5059; ppageno 0'>
   <div class='ocr_carea' id='block_1_1' title="bbox 628 321 927 381">
    <p class='ocr_par' dir='ltr' id='par_1_1' title="bbox 628 321 927 381">
     <span class='ocr_line' id='line_1_1' title="bbox 628 321 927 381; baseline 0.02 -6"><span class='ocrx_word' id='word_1_1' title='bbox 628 369 631 375; x_wconf 83' lang='lat'><strong>.</strong></span> <span class='ocrx_word' id='word_1_2' title='bbox 712 321 927 381; x_wconf 80' lang='grc'>-14-</span> 
     </span>
    </p>
   </div>
   <div class='ocr_carea' id='block_1_2' title="bbox 221 508 1415 3089">
    <p class='ocr_par' dir='ltr' id='par_1_2' title="bbox 221 508 1415 1841">
     <span class='ocr_line' id='line_1_2' title="bbox 223 508 1412 595; baseline 0.003 -22"><span class='ocrx_word' id='word_1_3' title='bbox 223 511 287 592; x_wconf 89' lang='lat' dir='ltr'><strong>(vel</strong></span> <span class='ocrx_word' id='word_1_4' title='bbox 320 511 375 594; x_wconf 83' lang='grc' dir='ltr'><strong><em>εἰς)</em></strong></span> <span class='ocrx_word' id='word_1_5' title='bbox 410 512 584 594; x_wconf 84' lang='lat' dir='ltr'><strong>genitivum</strong></span> <span class='ocrx_word' id='word_1_6' title='bbox 616 509 691 573; x_wconf 90' lang='lat' dir='ltr'><strong>tulit</strong></span> <span class='ocrx_word' id='word_1_7' title='bbox 727 509 777 573; x_wconf 94' lang='lat' dir='ltr'><strong>his</strong></span> <span class='ocrx_word' id='word_1_8' title='bbox 811 508 903 573; x_wconf 88' lang='lat' dir='ltr'><strong>locis:</strong></span> <span class='ocrx_word' id='word_1_9' title='bbox 944 509 1041 593; x_wconf 90' lang='lat' dir='ltr'><strong>Soph.</strong></span> <span class='ocrx_word' id='word_1_10' title='bbox 1069 511 1119 577; x_wconf 75' lang='grc' dir='ltr'><strong>Αἰ.</strong></span> <span class='ocrx_word' id='word_1_11' title='bbox 1144 513 1227 574; x_wconf 80' lang='grc'>1274</span> <span class='ocrx_word' id='word_1_12' title='bbox 1256 509 1412 595; x_wconf 61' lang='grc' dir='ltr'><strong>έρκέωνῐ)</strong></span> 
     </span>
     <span class='ocr_line' id='line_1_3' title="bbox 223 613 1414 700; baseline 0 -20"><span class='ocrx_word' id='word_1_13' title='bbox 223 613 489 699; x_wconf 77' lang='grc' dir='ltr'><strong><em>ἐγκεκλειμένους</em></strong></span> <span class='ocrx_word' id='word_1_14' title='bbox 521 613 563 677; x_wconf 93' lang='lat' dir='ltr'><strong>id.</strong></span> <span class='ocrx_word' id='word_1_15' title='bbox 591 613 685 698; x_wconf 81' lang='lat' dir='ltr'><strong>frgm.</strong></span> <span class='ocrx_word' id='word_1_16' title='bbox 713 615 775 678; x_wconf 89' lang='grc'><strong>855</strong></span> <span class='ocrx_word' id='word_1_17' title='bbox 809 636 840 676; x_wconf 85' lang='lat' dir='ltr'><strong>v.</strong></span> <span class='ocrx_word' id='word_1_18' title='bbox 868 618 885 677; x_wconf 97' lang='lat'>7</span> <span class='ocrx_word' id='word_1_19' title='bbox 921 614 1095 700; x_wconf 79' lang='grc' dir='ltr'><em>ἐντήκεται</em></span> <span class='ocrx_word' id='word_1_20' title='bbox 1124 615 1188 700; x_wconf 84' lang='grc' dir='ltr'><strong>γάρ</strong></span> <span class='ocrx_word' id='word_1_21' title='bbox 1218 614 1414 696; x_wconf 71' lang='grc' dir='ltr'><strong><em>πλευμόνων</em></strong></span> 
     </span>
     <span class='ocr_line' id='line_1_4' title="bbox 224 715 1412 804; baseline -0.002 -21"><span class='ocrx_word' id='word_1_22' title='bbox 224 716 310 794; x_wconf 80' lang='grc' dir='ltr'><em>ὅσοις</em></span> <span class='ocrx_word' id='word_1_23' title='bbox 334 716 411 798; x_wconf 60' lang='lat' dir='ltr'><strong>lar)</strong></span> <span class='ocrx_word' id='word_1_24' title='bbox 434 716 523 804; x_wconf 82' lang='grc' dir='ltr'><strong><em>ψυχή</em></strong></span> <span class='ocrx_word' id='word_1_25' title='bbox 545 716 588 781; x_wconf 85' lang='lat' dir='ltr'><strong>id.</strong></span> <span class='ocrx_word' id='word_1_26' title='bbox 604 716 685 780; x_wconf 91' lang='lat' dir='ltr'>Phil.</span> <span class='ocrx_word' id='word_1_27' title='bbox 704 719 765 782; x_wconf 94' lang='grc'><strong>648</strong></span> <span class='ocrx_word' id='word_1_28' title='bbox 795 715 813 782; x_wconf 81' lang='grc' dir='ltr'><em>ὃ</em></span> <span class='ocrx_word' id='word_1_29' title='bbox 835 718 879 804; x_wconf 79' lang='grc' dir='ltr'><strong>μὴ</strong></span> <span class='ocrx_word' id='word_1_30' title='bbox 902 716 984 792; x_wconf 83' lang='grc' dir='ltr'><strong><em>νεώς</em></strong></span> <span class='ocrx_word' id='word_1_31' title='bbox 1012 741 1046 800; x_wconf 88' lang='grc' dir='ltr'><strong><em>γε</em></strong></span> <span class='ocrx_word' id='word_1_32' title='bbox 1069 721 1127 804; x_wconf 80' lang='grc' dir='ltr'><strong><em>τῆς</em></strong></span> <span class='ocrx_word' id='word_1_33' title='bbox 1150 717 1230 804; x_wconf 75' lang='grc' dir='ltr'><strong><em>ἐμῆς</em></strong></span> <span class='ocrx_word' id='word_1_34' title='bbox 1254 716 1315 796; x_wconf 86' lang='grc' dir='ltr'><strong><em>ένι;</em></strong></span> <span class='ocrx_word' id='word_1_35' title='bbox 1337 717 1412 781; x_wconf 85' lang='lat' dir='ltr'><strong>Eur.</strong></span> 
     </span>
     <span class='ocr_line' id='line_1_5' title="bbox 223 820 1414 908; baseline 0.002 -22"><span class='ocrx_word' id='word_1_36' title='bbox 223 822 337 886; x_wconf 82' lang='lat' dir='ltr'>Bacch.</span> <span class='ocrx_word' id='word_1_37' title='bbox 356 823 419 887; x_wconf 91' lang='grc'><strong>866</strong></span> <span class='ocrx_word' id='word_1_38' title='bbox 443 843 489 905; x_wconf 85' lang='lat' dir='ltr'><strong>sq.</strong></span> <span class='ocrx_word' id='word_1_39' title='bbox 508 820 554 898; x_wconf 80' lang='grc' dir='ltr'><strong>ως</strong></span> <span class='ocrx_word' id='word_1_40' title='bbox 575 821 691 907; x_wconf 79' lang='grc' dir='ltr'><strong><em>νεβρὸς</em></strong></span> <span class='ocrx_word' id='word_1_41' title='bbox 712 827 863 906; x_wconf 75' lang='grc' dir='ltr'><strong><em>χλοεραῖς</em></strong></span> <span class='ocrx_word' id='word_1_42' title='bbox 883 820 1082 906; x_wconf 75' lang='grc' dir='ltr'><strong><em>έμπαὶζουσα</em></strong></span> <span class='ocrx_word' id='word_1_43' title='bbox 1105 824 1258 906; x_wconf 84' lang='grc' dir='ltr'><strong><em>λείμακος</em></strong></span> <span class='ocrx_word' id='word_1_44' title='bbox 1278 823 1414 908; x_wconf 77' lang='grc' dir='ltr'><strong><em>ἡδοναῖς</em></strong></span> 
     </span>
     <span class='ocr_line' id='line_1_6' title="bbox 222 923 1414 1010; baseline 0 -21"><span class='ocrx_word' id='word_1_45' title='bbox 222 926 264 990; x_wconf 95' lang='lat' dir='ltr'><strong>id.</strong></span> <span class='ocrx_word' id='word_1_46' title='bbox 277 926 397 989; x_wconf 92' lang='lat' dir='ltr'><strong>Phoen.</strong></span> <span class='ocrx_word' id='word_1_47' title='bbox 411 927 471 990; x_wconf 86' lang='lat'><strong>451</strong></span> <span class='ocrx_word' id='word_1_48' title='bbox 499 924 590 991; x_wconf 76' lang='grc' dir='ltr'><strong><em>τόνδ’</em></strong></span> <span class='ocrx_word' id='word_1_49' title='bbox 606 923 757 1007; x_wconf 73' lang='grc' dir='ltr'><strong><em>εἰσεδέξω</em></strong></span> <span class='ocrx_word' id='word_1_50' title='bbox 773 924 917 1009; x_wconf 87' lang='grc' dir='ltr'><strong><em>τειχέων.</em></strong></span> <span class='ocrx_word' id='word_1_51' title='bbox 954 923 1076 988; x_wconf 84' lang='grc' dir='ltr'>Εοόε111</span> <span class='ocrx_word' id='word_1_52' title='bbox 1100 930 1255 1010; x_wconf 84' lang='lat' dir='ltr'><strong>spectant,</strong></span> <span class='ocrx_word' id='word_1_53' title='bbox 1280 932 1315 989; x_wconf 90' lang='lat' dir='ltr'><strong>ut</strong></span> <span class='ocrx_word' id='word_1_54' title='bbox 1337 926 1414 989; x_wconf 91' lang='lat' dir='ltr'><strong>mihi</strong></span> 
     </span>
     <span class='ocr_line' id='line_1_7' title="bbox 223 1027 1415 1116; baseline 0.002 -22"><span class='ocrx_word' id='word_1_55' title='bbox 223 1030 351 1114; x_wconf 89' lang='lat' dir='ltr'><strong>quidem</strong></span> <span class='ocrx_word' id='word_1_56' title='bbox 370 1029 506 1111; x_wconf 85' lang='lat' dir='ltr'><strong>videtur,</strong></span> <span class='ocrx_word' id='word_1_57' title='bbox 530 1028 611 1092; x_wconf 91' lang='lat' dir='ltr'><strong>haec</strong></span> <span class='ocrx_word' id='word_1_58' title='bbox 627 1050 755 1112; x_wconf 88' lang='lat' dir='ltr'><strong>quoque</strong></span> <span class='ocrx_word' id='word_1_59' title='bbox 770 1027 904 1092; x_wconf 80' lang='lat' dir='ltr'>Homeri</span> <span class='ocrx_word' id='word_1_60' title='bbox 919 1034 941 1108; x_wconf 94' lang='grc' dir='ltr'><strong><em>β</em></strong></span> <span class='ocrx_word' id='word_1_61' title='bbox 955 1031 1018 1093; x_wconf 92' lang='grc'><strong>416</strong></span> <span class='ocrx_word' id='word_1_62' title='bbox 1036 1028 1079 1094; x_wconf 78' lang='lat' dir='ltr'><strong>diu</strong></span> <span class='ocrx_word' id='word_1_63' title='bbox 1096 1028 1124 1094; x_wconf 84' lang='grc' dir='ltr'><strong>δ’</strong></span> <span class='ocrx_word' id='word_1_64' title='bbox 1141 1028 1207 1115; x_wconf 88' lang='grc' dir='ltr'><strong>άρα</strong></span> <span class='ocrx_word' id='word_1_65' title='bbox 1228 1030 1415 1116; x_wconf 83' lang='grc' dir='ltr'><strong><em>Τηλέμαχος</em></strong></span> 
     </span>
     <span class='ocr_line' id='line_1_8' title="bbox 223 1130 1413 1222; baseline -0.003 -22"><span class='ocrx_word' id='word_1_66' title='bbox 223 1136 301 1222; x_wconf 86' lang='grc' dir='ltr'><strong><em>νηός</em></strong></span> <span class='ocrx_word' id='word_1_67' title='bbox 335 1132 421 1216; x_wconf 82' lang='grc' dir='ltr'><strong><em>βαῖν’</em></strong></span> <span class='ocrx_word' id='word_1_68' title='bbox 456 1138 488 1196; x_wconf 91' lang='lat' dir='ltr'><strong>et</strong></span> <span class='ocrx_word' id='word_1_69' title='bbox 515 1158 526 1197; x_wconf 93' lang='grc' dir='ltr'><strong><em>ι</em></strong></span> <span class='ocrx_word' id='word_1_70' title='bbox 554 1135 614 1196; x_wconf 92' lang='lat'><strong>177</strong></span> <span class='ocrx_word' id='word_1_71' title='bbox 651 1131 716 1197; x_wconf 84' lang='grc' dir='ltr'><strong>άνά</strong></span> <span class='ocrx_word' id='word_1_72' title='bbox 743 1131 821 1218; x_wconf 82' lang='grc' dir='ltr'><strong><em>νηός</em></strong></span> <span class='ocrx_word' id='word_1_73' title='bbox 848 1130 926 1218; x_wconf 82' lang='grc' dir='ltr'><strong><em>έβην</em></strong></span> <span class='ocrx_word' id='word_1_74' title='bbox 953 1132 1037 1216; x_wconf 74' lang='lat' dir='ltr'><strong>(cio</strong></span> <span class='ocrx_word' id='word_1_75' title='bbox 1063 1134 1148 1217; x_wconf 90' lang='grc'>284).</span> <span class='ocrx_word' id='word_1_76' title='bbox 1197 1131 1299 1209; x_wconf 81' lang='lat' dir='ltr'><strong>Quam</strong></span> <span class='ocrx_word' id='word_1_77' title='bbox 1325 1133 1413 1197; x_wconf 89' lang='lat' dir='ltr'><strong>locu-</strong></span> 
     </span>
     <span class='ocr_line' id='line_1_9' title="bbox 222 1234 1414 1322; baseline -0.001 -19"><span class='ocrx_word' id='word_1_78' title='bbox 222 1240 343 1303; x_wconf 79' lang='lat' dir='ltr'><strong>tionem</strong></span> <span class='ocrx_word' id='word_1_79' title='bbox 376 1236 451 1300; x_wconf 90' lang='lat' dir='ltr'><strong>iude</strong></span> <span class='ocrx_word' id='word_1_80' title='bbox 486 1234 707 1321; x_wconf 79' lang='lat' dir='ltr'>explicandam</span> <span class='ocrx_word' id='word_1_81' title='bbox 744 1257 815 1300; x_wconf 87' lang='lat' dir='ltr'><strong>esse</strong></span> <span class='ocrx_word' id='word_1_82' title='bbox 849 1235 1003 1320; x_wconf 80' lang='lat' dir='ltr'><strong>arbitror,</strong></span> <span class='ocrx_word' id='word_1_83' title='bbox 1043 1236 1128 1320; x_wconf 91' lang='lat' dir='ltr'><strong>quod</strong></span> <span class='ocrx_word' id='word_1_84' title='bbox 1161 1238 1414 1322; x_wconf 81' lang='lat' dir='ltr'><strong>praepositiones</strong></span> 
     </span>
     <span class='ocr_line' id='line_1_10' title="bbox 222 1338 1413 1424; baseline 0 -19"><span class='ocrx_word' id='word_1_85' title='bbox 222 1342 294 1406; x_wconf 91' lang='lat' dir='ltr'><strong>illas</strong></span> <span class='ocrx_word' id='word_1_86' title='bbox 322 1343 356 1404; x_wconf 94' lang='lat' dir='ltr'><strong>in</strong></span> <span class='ocrx_word' id='word_1_87' title='bbox 378 1340 602 1405; x_wconf 84' lang='lat' dir='ltr'><strong>adverbiorum</strong></span> <span class='ocrx_word' id='word_1_88' title='bbox 628 1346 776 1403; x_wconf 84' lang='lat' dir='ltr'><strong>naturam</strong></span> <span class='ocrx_word' id='word_1_89' title='bbox 798 1361 956 1424; x_wconf 78' lang='lat' dir='ltr'><strong>usumque</strong></span> <span class='ocrx_word' id='word_1_90' title='bbox 983 1338 1086 1421; x_wconf 77' lang='grc' dir='ltr'><strong><em>ἐντός,</em></strong></span> <span class='ocrx_word' id='word_1_91' title='bbox 1110 1341 1187 1406; x_wconf 84' lang='grc' dir='ltr'><strong><em>εἲσω</em></strong></span> <span class='ocrx_word' id='word_1_92' title='bbox 1207 1342 1413 1405; x_wconf 86' lang='lat' dir='ltr'><strong>transierunt.</strong></span> 
     </span>
     <span class='ocr_line' id='line_1_11' title="bbox 223 1444 1413 1528; baseline -0.002 -18"><span class='ocrx_word' id='word_1_93' title='bbox 223 1444 392 1510; x_wconf 81' lang='lat' dir='ltr'><strong>Contraria</strong></span> <span class='ocrx_word' id='word_1_94' title='bbox 442 1465 518 1508; x_wconf 87' lang='lat' dir='ltr'><strong>vero</strong></span> <span class='ocrx_word' id='word_1_95' title='bbox 567 1445 703 1508; x_wconf 86' lang='lat' dir='ltr'><strong>variatio</strong></span> <span class='ocrx_word' id='word_1_96' title='bbox 756 1446 923 1508; x_wconf 89' lang='lat' dir='ltr'><strong>notionum</strong></span> <span class='ocrx_word' id='word_1_97' title='bbox 976 1446 1171 1528; x_wconf 87' lang='lat' dir='ltr'><strong>conspicitur</strong></span> <span class='ocrx_word' id='word_1_98' title='bbox 1221 1444 1271 1508; x_wconf 90' lang='lat' dir='ltr'><strong>his</strong></span> <span class='ocrx_word' id='word_1_99' title='bbox 1324 1445 1413 1528; x_wconf 83' lang='lat' dir='ltr'><strong>locis,</strong></span> 
     </span>
     <span class='ocr_line' id='line_1_12' title="bbox 221 1546 1413 1633; baseline -0.002 -20"><span class='ocrx_word' id='word_1_100' title='bbox 221 1548 277 1613; x_wconf 94' lang='lat' dir='ltr'><strong>ubi</strong></span> <span class='ocrx_word' id='word_1_101' title='bbox 323 1547 420 1615; x_wconf 84' lang='grc' dir='ltr'><strong><em>ένδον</em></strong></span> <span class='ocrx_word' id='word_1_102' title='bbox 463 1546 549 1611; x_wconf 92' lang='lat' dir='ltr'><strong>idem</strong></span> <span class='ocrx_word' id='word_1_103' title='bbox 591 1547 679 1612; x_wconf 85' lang='lat' dir='ltr'><strong>valet</strong></span> <span class='ocrx_word' id='word_1_104' title='bbox 723 1554 820 1632; x_wconf 89' lang='lat' dir='ltr'><strong>atque</strong></span> <span class='ocrx_word' id='word_1_105' title='bbox 863 1550 1057 1633; x_wconf 87' lang='lat' dir='ltr'><strong>praepositio</strong></span> <span class='ocrx_word' id='word_1_106' title='bbox 1102 1548 1152 1614; x_wconf 76' lang='grc' dir='ltr'><strong>ἐνε</strong></span> <span class='ocrx_word' id='word_1_107' title='bbox 1198 1548 1289 1612; x_wconf 89' lang='lat' dir='ltr'><strong>Pind.</strong></span> <span class='ocrx_word' id='word_1_108' title='bbox 1320 1548 1413 1613; x_wconf 92' lang='lat' dir='ltr'><strong>Nem.</strong></span> 
     </span>
     <span class='ocr_line' id='line_1_13' title="bbox 221 1650 1415 1736; baseline -0.001 -19"><span class='ocrx_word' id='word_1_109' title='bbox 221 1652 271 1717; x_wconf 89' lang='lat' dir='ltr'><strong>HI</strong></span> <span class='ocrx_word' id='word_1_110' title='bbox 294 1654 335 1717; x_wconf 89' lang='grc'><strong>54</strong></span> <span class='ocrx_word' id='word_1_111' title='bbox 359 1651 457 1719; x_wconf 86' lang='grc' dir='ltr'><strong><em>ένδον</em></strong></span> <span class='ocrx_word' id='word_1_112' title='bbox 480 1650 566 1736; x_wconf 87' lang='grc' dir='ltr'><strong><em>τέγει</em></strong></span> <span class='ocrx_word' id='word_1_113' title='bbox 588 1651 663 1715; x_wconf 91' lang='lat' dir='ltr'><strong>ibid.</strong></span> <span class='ocrx_word' id='word_1_114' title='bbox 680 1650 744 1714; x_wconf 88' lang='lat' dir='ltr'><strong>VII</strong></span> <span class='ocrx_word' id='word_1_115' title='bbox 766 1654 808 1715; x_wconf 88' lang='lat'><strong>44</strong></span> <span class='ocrx_word' id='word_1_116' title='bbox 833 1650 931 1717; x_wconf 81' lang='grc' dir='ltr'><strong><em>ένδον</em></strong></span> <span class='ocrx_word' id='word_1_117' title='bbox 954 1651 1057 1734; x_wconf 88' lang='grc' dir='ltr'><strong><em>άλσει,</em></strong></span> <span class='ocrx_word' id='word_1_118' title='bbox 1086 1652 1172 1735; x_wconf 92' lang='lat' dir='ltr'><strong>quod</strong></span> <span class='ocrx_word' id='word_1_119' title='bbox 1195 1653 1338 1717; x_wconf 89' lang='lat' dir='ltr'><strong>imitatus</strong></span> <span class='ocrx_word' id='word_1_120' title='bbox 1366 1660 1415 1717; x_wconf 92' lang='lat' dir='ltr'><strong>est</strong></span> 
     </span>
     <span class='ocr_line' id='line_1_14' title="bbox 222 1755 935 1841; baseline -0.003 -20"><span class='ocrx_word' id='word_1_121' title='bbox 222 1755 390 1841; x_wconf 84' lang='lat' dir='ltr'><strong>Euripides</strong></span> <span class='ocrx_word' id='word_1_122' title='bbox 414 1755 531 1820; x_wconf 88' lang='lat' dir='ltr'>Bacch.</span> <span class='ocrx_word' id='word_1_123' title='bbox 548 1758 610 1820; x_wconf 81' lang='grc'><strong>497</strong></span> <span class='ocrx_word' id='word_1_124' title='bbox 635 1762 667 1818; x_wconf 90' lang='lat' dir='ltr'><strong>et</strong></span> <span class='ocrx_word' id='word_1_125' title='bbox 689 1755 802 1839; x_wconf 79' lang='lat' dir='ltr'><strong>fragm.</strong></span> <span class='ocrx_word' id='word_1_126' title='bbox 820 1757 894 1837; x_wconf 86' lang='grc'><strong>203,</strong></span> <span class='ocrx_word' id='word_1_127' title='bbox 920 1758 935 1818; x_wconf 99' lang='grc'><strong>1</strong></span> 
     </span>
    </p>

    <p class='ocr_par' dir='ltr' id='par_1_3' title="bbox 221 1858 1415 3089">
     <span class='ocr_line' id='line_1_15' title="bbox 308 1858 1413 1946; baseline 0.001 -22"><span class='ocrx_word' id='word_1_128' title='bbox 308 1861 378 1924; x_wconf 86' lang='lat' dir='ltr'><strong>lam</strong></span> <span class='ocrx_word' id='word_1_129' title='bbox 400 1881 594 1944; x_wconf 90' lang='lat' dir='ltr'><strong>quaeramus</strong></span> <span class='ocrx_word' id='word_1_130' title='bbox 616 1880 679 1942; x_wconf 91' lang='lat' dir='ltr'><strong>quo</strong></span> <span class='ocrx_word' id='word_1_131' title='bbox 702 1858 798 1922; x_wconf 92' lang='lat' dir='ltr'><strong>modo</strong></span> <span class='ocrx_word' id='word_1_132' title='bbox 822 1861 885 1922; x_wconf 91' lang='lat' dir='ltr'><strong>sint</strong></span> <span class='ocrx_word' id='word_1_133' title='bbox 901 1858 1081 1944; x_wconf 82' lang='lat' dir='ltr'><strong>explicandi</strong></span> <span class='ocrx_word' id='word_1_134' title='bbox 1103 1861 1243 1944; x_wconf 82' lang='lat' dir='ltr'><strong>genitivi,</strong></span> <span class='ocrx_word' id='word_1_135' title='bbox 1266 1863 1321 1946; x_wconf 92' lang='lat' dir='ltr'><strong>qui</strong></span> <span class='ocrx_word' id='word_1_136' title='bbox 1343 1864 1413 1925; x_wconf 92' lang='lat' dir='ltr'><strong>iun-</strong></span> 
     </span>
     <span class='ocr_line' id='line_1_16' title="bbox 222 1963 1413 2052; baseline 0.002 -22"><span class='ocrx_word' id='word_1_137' title='bbox 222 1974 341 2050; x_wconf 87' lang='lat' dir='ltr'><strong>guntur</strong></span> <span class='ocrx_word' id='word_1_138' title='bbox 368 1987 388 2029; x_wconf 91' lang='lat' dir='ltr'><strong>a</strong></span> <span class='ocrx_word' id='word_1_139' title='bbox 415 1964 574 2048; x_wconf 85' lang='lat' dir='ltr'><strong>Sophocle</strong></span> <span class='ocrx_word' id='word_1_140' title='bbox 614 1986 686 2027; x_wconf 92' lang='lat' dir='ltr'><strong>cum</strong></span> <span class='ocrx_word' id='word_1_141' title='bbox 719 1963 769 2026; x_wconf 88' lang='lat' dir='ltr'><strong>his</strong></span> <span class='ocrx_word' id='word_1_142' title='bbox 803 1963 909 2027; x_wconf 87' lang='lat' dir='ltr'><strong>verbis</strong></span> <span class='ocrx_word' id='word_1_143' title='bbox 948 1965 1129 2048; x_wconf 90' lang='lat' dir='ltr'><strong>compositis</strong></span> <span class='ocrx_word' id='word_1_144' title='bbox 1167 1966 1413 2052; x_wconf 87' lang='grc' dir='ltr'><strong><em>συντυγχάνειν,</em></strong></span> 
     </span>
     <span class='ocr_line' id='line_1_17' title="bbox 221 2066 1415 2156; baseline 0.001 -21"><span class='ocrx_word' id='word_1_145' title='bbox 221 2068 493 2156; x_wconf 88' lang='grc' dir='ltr'><strong><em>προστυγχάνειν,</em></strong></span> <span class='ocrx_word' id='word_1_146' title='bbox 518 2068 731 2152; x_wconf 76' lang='grc' dir='ltr'><strong><em>ἐντυγχάνειν</em></strong></span> <span class='ocrx_word' id='word_1_147' title='bbox 753 2066 789 2131; x_wconf 91' lang='lat'><strong>0.</strong></span> <span class='ocrx_word' id='word_1_148' title='bbox 807 2066 841 2133; x_wconf 80' lang='lat' dir='ltr'><strong>(l.</strong></span> <span class='ocrx_word' id='word_1_149' title='bbox 861 2070 943 2133; x_wconf 95' lang='grc'>1482</span> <span class='ocrx_word' id='word_1_150' title='bbox 966 2067 1109 2135; x_wconf 82' lang='grc' dir='ltr'><strong><em>ἒναισὶου</em></strong></span> <span class='ocrx_word' id='word_1_151' title='bbox 1132 2071 1168 2135; x_wconf 76' lang='grc' dir='ltr'><strong>δὲ</strong></span> <span class='ocrx_word' id='word_1_152' title='bbox 1191 2069 1415 2155; x_wconf 64' lang='grc' dir='ltr'><strong><em>συντόχοιμά)</em></strong></span> 
     </span>
     <span class='ocr_line' id='line_1_18' title="bbox 221 2172 1413 2259; baseline 0.002 -22"><span class='ocrx_word' id='word_1_153' title='bbox 221 2173 304 2238; x_wconf 91' lang='lat' dir='ltr'><strong>Phil.</strong></span> <span class='ocrx_word' id='word_1_154' title='bbox 329 2175 392 2237; x_wconf 91' lang='grc'><strong>320</strong></span> <span class='ocrx_word' id='word_1_155' title='bbox 409 2194 456 2258; x_wconf 91' lang='lat' dir='ltr'><strong>sq.</strong></span> <span class='ocrx_word' id='word_1_156' title='bbox 485 2173 658 2258; x_wconf 80' lang='grc' dir='ltr'><strong><em>συντυχων</em></strong></span> <span class='ocrx_word' id='word_1_157' title='bbox 691 2175 808 2238; x_wconf 80' lang='grc' dir='ltr'><strong><em>κακῶν</em></strong></span> <span class='ocrx_word' id='word_1_158' title='bbox 848 2172 983 2258; x_wconf 70' lang='grc' dir='ltr'><strong><em>άνδροῖν</em></strong></span> <span class='ocrx_word' id='word_1_159' title='bbox 1015 2174 1222 2259; x_wconf 58' lang='grc' dir='ltr'><strong><em>Ἀτρειδῶνέ)</em></strong></span> <span class='ocrx_word' id='word_1_160' title='bbox 1255 2173 1330 2238; x_wconf 91' lang='lat' dir='ltr'><strong>ibid.</strong></span> <span class='ocrx_word' id='word_1_161' title='bbox 1351 2177 1413 2239; x_wconf 84' lang='grc'><strong>552</strong></span> 
     </span>
     <span class='ocr_line' id='line_1_19' title="bbox 221 2274 1414 2364; baseline 0.001 -21"><span class='ocrx_word' id='word_1_162' title='bbox 221 2275 444 2362; x_wconf 79' lang='grc' dir='ltr'><strong><em>προστυχόντι</em></strong></span> <span class='ocrx_word' id='word_1_163' title='bbox 483 2278 554 2341; x_wconf 82' lang='grc' dir='ltr'><strong><em>τῶν</em></strong></span> <span class='ocrx_word' id='word_1_164' title='bbox 591 2276 672 2341; x_wconf 80' lang='grc' dir='ltr'><strong><em>ἴσων</em></strong></span> <span class='ocrx_word' id='word_1_165' title='bbox 708 2274 756 2339; x_wconf 83' lang='lat' dir='ltr'><strong>El.</strong></span> <span class='ocrx_word' id='word_1_166' title='bbox 781 2278 865 2341; x_wconf 90' lang='grc'>1463</span> <span class='ocrx_word' id='word_1_167' title='bbox 900 2275 980 2361; x_wconf 75' lang='grc' dir='ltr'><strong><em>ἐμοῦ</em></strong></span> <span class='ocrx_word' id='word_1_168' title='bbox 1016 2279 1181 2343; x_wconf 82' lang='grc' dir='ltr'><strong><em>κολαστοῦ</em></strong></span> <span class='ocrx_word' id='word_1_169' title='bbox 1217 2278 1414 2364; x_wconf 83' lang='grc' dir='ltr'><strong><em>προστυχών</em></strong></span> 
     </span>
     <span class='ocr_line' id='line_1_20' title="bbox 221 2379 1414 2468; baseline 0.001 -24"><span class='ocrx_word' id='word_1_170' title='bbox 221 2381 303 2445; x_wconf 92' lang='lat' dir='ltr'><strong>Phil.</strong></span> <span class='ocrx_word' id='word_1_171' title='bbox 327 2382 409 2446; x_wconf 86' lang='lat'>1333</span> <span class='ocrx_word' id='word_1_172' title='bbox 445 2383 515 2446; x_wconf 80' lang='grc' dir='ltr'><strong><em>τῶν</em></strong></span> <span class='ocrx_word' id='word_1_173' title='bbox 547 2381 625 2465; x_wconf 80' lang='grc' dir='ltr'><strong><em>παρ’</em></strong></span> <span class='ocrx_word' id='word_1_174' title='bbox 659 2379 738 2467; x_wconf 80' lang='grc' dir='ltr'><strong><em>ἡμῖν</em></strong></span> <span class='ocrx_word' id='word_1_175' title='bbox 771 2379 923 2466; x_wconf 75' lang='grc' dir='ltr'><strong><em>ἐντυχών</em></strong></span> <span class='ocrx_word' id='word_1_176' title='bbox 955 2380 1220 2468; x_wconf 60' lang='grc' dir='ltr'><strong>Ἀσκληπιδῶνῧ).</strong></span> <span class='ocrx_word' id='word_1_177' title='bbox 1275 2381 1324 2446; x_wconf 90' lang='grc' dir='ltr'><strong><em>Νε</em></strong></span> <span class='ocrx_word' id='word_1_178' title='bbox 1362 2382 1414 2446; x_wconf 84' lang='grc' dir='ltr'>111υ</span> 
     </span>
     <span class='ocr_line' id='line_1_21' title="bbox 222 2483 1412 2571; baseline 0 -22"><span class='ocrx_word' id='word_1_179' title='bbox 222 2484 352 2571; x_wconf 90' lang='lat' dir='ltr'><strong>quidem</strong></span> <span class='ocrx_word' id='word_1_180' title='bbox 375 2486 519 2570; x_wconf 89' lang='lat' dir='ltr'><strong>sequaris</strong></span> <span class='ocrx_word' id='word_1_181' title='bbox 543 2491 650 2570; x_wconf 86' lang='lat' dir='ltr'><strong>partes</strong></span> <span class='ocrx_word' id='word_1_182' title='bbox 674 2506 785 2548; x_wconf 92' lang='lat' dir='ltr'><strong>eorum</strong></span> <span class='ocrx_word' id='word_1_183' title='bbox 807 2486 862 2570; x_wconf 93' lang='lat' dir='ltr'><strong>qui</strong></span> <span class='ocrx_word' id='word_1_184' title='bbox 885 2483 1027 2549; x_wconf 89' lang='lat' dir='ltr'><strong>iudicant</strong></span> <span class='ocrx_word' id='word_1_185' title='bbox 1049 2507 1066 2548; x_wconf 98' lang='lat' dir='ltr'><strong>e</strong></span> <span class='ocrx_word' id='word_1_186' title='bbox 1088 2507 1173 2548; x_wconf 89' lang='lat' dir='ltr'><strong>nova</strong></span> <span class='ocrx_word' id='word_1_187' title='bbox 1195 2486 1336 2569; x_wconf 87' lang='lat' dir='ltr'><strong>quadam</strong></span> <span class='ocrx_word' id='word_1_188' title='bbox 1357 2508 1412 2550; x_wconf 90' lang='lat' dir='ltr'><strong>uo·</strong></span> 
     </span>
     <span class='ocr_line' id='line_1_22' title="bbox 222 2588 1414 2673; baseline 0 -20"><span class='ocrx_word' id='word_1_189' title='bbox 222 2591 309 2656; x_wconf 90' lang='lat' dir='ltr'><strong>tione</strong></span> <span class='ocrx_word' id='word_1_190' title='bbox 331 2588 450 2652; x_wconf 90' lang='lat' dir='ltr'><strong>latente</strong></span> <span class='ocrx_word' id='word_1_191' title='bbox 473 2590 648 2673; x_wconf 85' lang='lat' dir='ltr'><strong>genitivum</strong></span> <span class='ocrx_word' id='word_1_192' title='bbox 671 2588 859 2673; x_wconf 77' lang='lat' dir='ltr'><strong>pendere⁶);</strong></span> <span class='ocrx_word' id='word_1_193' title='bbox 883 2610 966 2673; x_wconf 89' lang='lat' dir='ltr'><strong>quae</strong></span> <span class='ocrx_word' id='word_1_194' title='bbox 989 2590 1095 2672; x_wconf 92' lang='lat' dir='ltr'><strong>opinio</strong></span> <span class='ocrx_word' id='word_1_195' title='bbox 1123 2588 1337 2654; x_wconf 87' lang='lat' dir='ltr'><strong>labefactatur</strong></span> <span class='ocrx_word' id='word_1_196' title='bbox 1364 2590 1414 2654; x_wconf 91' lang='lat' dir='ltr'><strong>his</strong></span> 
     </span>
     <span class='ocr_line' id='line_1_23' title="bbox 222 2684 1412 2781; baseline 0.002 -24"><span class='ocrx_word' id='word_1_197' title='bbox 222 2695 317 2758; x_wconf 87' lang='lat' dir='ltr'><strong>locis:</strong></span> <span class='ocrx_word' id='word_1_198' title='bbox 345 2692 442 2776; x_wconf 87' lang='lat' dir='ltr'><strong>Soph.</strong></span> <span class='ocrx_word' id='word_1_199' title='bbox 461 2692 544 2755; x_wconf 90' lang='lat' dir='ltr'><strong>Phil.</strong></span> <span class='ocrx_word' id='word_1_200' title='bbox 562 2684 624 2756; x_wconf 89' lang='grc'><strong>682</strong></span> <span class='ocrx_word' id='word_1_201' title='bbox 638 2713 684 2775; x_wconf 92' lang='lat' dir='ltr'><strong>sq.</strong></span> <span class='ocrx_word' id='word_1_202' title='bbox 703 2694 801 2781; x_wconf 78' lang='grc' dir='ltr'><strong><em>μοίρᾳ</em></strong></span> <span class='ocrx_word' id='word_1_203' title='bbox 825 2692 916 2758; x_wconf 78' lang='grc' dir='ltr'><strong><em>τοῦδ’</em></strong></span> <span class='ocrx_word' id='word_1_204' title='bbox 944 2691 1072 2776; x_wconf 76' lang='grc' dir='ltr'><strong><em>ε’χθίονι</em></strong></span> <span class='ocrx_word' id='word_1_205' title='bbox 1100 2693 1309 2778; x_wconf 90' lang='grc' dir='ltr'><strong><em>συντυχόντα</em></strong></span> <span class='ocrx_word' id='word_1_206' title='bbox 1330 2693 1412 2759; x_wconf 90' lang='lat' dir='ltr'><strong>Plat.</strong></span> 
     </span>
     <span class='ocr_line' id='line_1_24' title="bbox 222 2793 1415 2885; baseline 0.001 -24"><span class='ocrx_word' id='word_1_207' title='bbox 222 2796 353 2861; x_wconf 91' lang='lat' dir='ltr'><strong>Phaedo</strong></span> <span class='ocrx_word' id='word_1_208' title='bbox 376 2819 407 2880; x_wconf 93' lang='lat' dir='ltr'><strong>p.</strong></span> <span class='ocrx_word' id='word_1_209' title='bbox 425 2798 465 2861; x_wconf 92' lang='grc'><strong>68</strong></span> <span class='ocrx_word' id='word_1_210' title='bbox 478 2796 507 2858; x_wconf 85' lang='grc' dir='ltr'><strong>Α</strong></span> <span class='ocrx_word' id='word_1_211' title='bbox 522 2796 676 2882; x_wconf 79' lang='grc' dir='ltr'><strong><em>μηδαμοῦ</em></strong></span> <span class='ocrx_word' id='word_1_212' title='bbox 692 2793 812 2860; x_wconf 78' lang='grc' dir='ltr'><strong><em>άλλοθι</em></strong></span> <span class='ocrx_word' id='word_1_213' title='bbox 836 2794 1046 2878; x_wconf 74' lang='grc' dir='ltr'><strong><em>ἐντεύξεσθαι</em></strong></span> <span class='ocrx_word' id='word_1_214' title='bbox 1063 2794 1148 2879; x_wconf 78' lang='grc' dir='ltr'><strong><em>αὐτῇ</em></strong></span> <span class='ocrx_word' id='word_1_215' title='bbox 1169 2798 1229 2880; x_wconf 89' lang='lat' dir='ltr'><strong>(sc.</strong></span> <span class='ocrx_word' id='word_1_216' title='bbox 1246 2796 1415 2885; x_wconf 83' lang='grc' dir='ltr'><strong><em>φρονήσει)</em></strong></span> 
     </span>
     <span class='ocr_line' id='line_1_25' title="bbox 223 2896 1414 2987; baseline -0.003 -20"><span class='ocrx_word' id='word_1_217' title='bbox 223 2901 325 2985; x_wconf 76' lang='grc' dir='ltr'><strong><em>άξίως</em></strong></span> <span class='ocrx_word' id='word_1_218' title='bbox 351 2899 497 2987; x_wconf 84' lang='grc' dir='ltr'><strong><em>λόγονῆ</em></strong></span> <span class='ocrx_word' id='word_1_219' title='bbox 521 2898 557 2966; x_wconf 76' lang='grc' dir='ltr'><strong>έν</strong></span> <span class='ocrx_word' id='word_1_220' title='bbox 578 2896 696 2965; x_wconf 76' lang='grc' dir='ltr'><strong><em>Ἅιδου.</em></strong></span> <span class='ocrx_word' id='word_1_221' title='bbox 742 2899 777 2964; x_wconf 95' lang='lat' dir='ltr'><strong>Si</strong></span> <span class='ocrx_word' id='word_1_222' title='bbox 811 2900 895 2962; x_wconf 92' lang='lat' dir='ltr'><strong>enim</strong></span> <span class='ocrx_word' id='word_1_223' title='bbox 930 2906 1056 2963; x_wconf 91' lang='lat' dir='ltr'><strong>constat</strong></span> <span class='ocrx_word' id='word_1_224' title='bbox 1090 2898 1240 2979; x_wconf 87' lang='lat' dir='ltr'><strong>dativum,</strong></span> <span class='ocrx_word' id='word_1_225' title='bbox 1275 2903 1329 2985; x_wconf 93' lang='lat' dir='ltr'><strong>qui</strong></span> <span class='ocrx_word' id='word_1_226' title='bbox 1364 2901 1414 2965; x_wconf 92' lang='lat' dir='ltr'><strong>his</strong></span> 
     </span>
     <span class='ocr_line' id='line_1_26' title="bbox 222 3002 1413 3089; baseline 0 -20"><span class='ocrx_word' id='word_1_227' title='bbox 222 3004 328 3070; x_wconf 88' lang='lat' dir='ltr'><strong>verbis</strong></span> <span class='ocrx_word' id='word_1_228' title='bbox 351 3005 535 3089; x_wconf 87' lang='lat' dir='ltr'><strong>compositis</strong></span> <span class='ocrx_word' id='word_1_229' title='bbox 550 3003 675 3068; x_wconf 88' lang='lat' dir='ltr'><strong>adnecti</strong></span> <span class='ocrx_word' id='word_1_230' title='bbox 692 3002 783 3087; x_wconf 79' lang='lat' dir='ltr'><strong>solet,</strong></span> <span class='ocrx_word' id='word_1_231' title='bbox 808 3025 848 3066; x_wconf 83' lang='lat' dir='ltr'><strong>ex</strong></span> <span class='ocrx_word' id='word_1_232' title='bbox 863 3003 941 3086; x_wconf 86' lang='lat' dir='ltr'><strong>ipsis</strong></span> <span class='ocrx_word' id='word_1_233' title='bbox 956 3003 1248 3087; x_wconf 86' lang='lat' dir='ltr'><strong>praepositionibus</strong></span> <span class='ocrx_word' id='word_1_234' title='bbox 1264 3005 1413 3089; x_wconf 81' lang='lat' dir='ltr'><strong>pendere,</strong></span> 
     </span>
    </p>
   </div>
   <div class='ocr_carea' id='block_1_3' title="bbox 219 3174 1415 4374">
    <p class='ocr_par' dir='ltr' id='par_1_4' title="bbox 223 3174 1415 3420">
     <span class='ocr_line' id='line_1_27' title="bbox 310 3174 1414 3247; baseline 0.002 -17"><span class='ocrx_word' id='word_1_235' title='bbox 310 3176 331 3247; x_wconf 88' lang='grc'><strong>1)</strong></span> <span class='ocrx_word' id='word_1_236' title='bbox 350 3176 443 3231; x_wconf 81' lang='lat' dir='ltr'><strong>Aliter</strong></span> <span class='ocrx_word' id='word_1_237' title='bbox 465 3175 538 3231; x_wconf 91' lang='lat' dir='ltr'><strong>hanc</strong></span> <span class='ocrx_word' id='word_1_238' title='bbox 560 3180 730 3230; x_wconf 90' lang='lat' dir='ltr'><strong>structuram</strong></span> <span class='ocrx_word' id='word_1_239' title='bbox 755 3174 888 3246; x_wconf 83' lang='lat' dir='ltr'><strong>intelligit</strong></span> <span class='ocrx_word' id='word_1_240' title='bbox 910 3175 1118 3246; x_wconf 87' lang='lat' dir='ltr'><strong>Brugmannius</strong></span> <span class='ocrx_word' id='word_1_241' title='bbox 1142 3175 1158 3232; x_wconf 87' lang='lat' dir='ltr'><strong>l.</strong></span> <span class='ocrx_word' id='word_1_242' title='bbox 1177 3176 1193 3232; x_wconf 97' lang='lat' dir='ltr'><strong>l.</strong></span> <span class='ocrx_word' id='word_1_243' title='bbox 1212 3193 1236 3243; x_wconf 90' lang='lat' dir='ltr'><strong>p.</strong></span> <span class='ocrx_word' id='word_1_244' title='bbox 1256 3177 1315 3232; x_wconf 84' lang='lat'><strong>206.</strong></span> <span class='ocrx_word' id='word_1_245' title='bbox 1358 3175 1414 3232; x_wconf 87' lang='lat' dir='ltr'><strong>Sed</strong></span> 
     </span>
     <span class='ocr_line' id='line_1_28' title="bbox 223 3261 1415 3335; baseline -0.002 -15"><span class='ocrx_word' id='word_1_246' title='bbox 223 3263 358 3334; x_wconf 84' lang='lat' dir='ltr'><strong>exempla,</strong></span> <span class='ocrx_word' id='word_1_247' title='bbox 378 3282 449 3335; x_wconf 90' lang='lat' dir='ltr'><strong>quae</strong></span> <span class='ocrx_word' id='word_1_248' title='bbox 474 3262 555 3318; x_wconf 84' lang='lat' dir='ltr'><strong>affert</strong></span> <span class='ocrx_word' id='word_1_249' title='bbox 572 3262 619 3317; x_wconf 92' lang='lat' dir='ltr'><strong>ille</strong></span> <span class='ocrx_word' id='word_1_250' title='bbox 645 3263 689 3316; x_wconf 88' lang='lat' dir='ltr'><strong>vir</strong></span> <span class='ocrx_word' id='word_1_251' title='bbox 708 3261 895 3329; x_wconf 71' lang='lat' dir='ltr'><strong>doctissimus</strong></span> <span class='ocrx_word' id='word_1_252' title='bbox 914 3279 969 3317; x_wconf 90' lang='lat' dir='ltr'><strong>nou</strong></span> <span class='ocrx_word' id='word_1_253' title='bbox 988 3268 1064 3317; x_wconf 87' lang='lat' dir='ltr'><strong>recte</strong></span> <span class='ocrx_word' id='word_1_254' title='bbox 1083 3262 1118 3317; x_wconf 91' lang='lat' dir='ltr'><strong>ab</strong></span> <span class='ocrx_word' id='word_1_255' title='bbox 1137 3280 1170 3317; x_wconf 90' lang='lat' dir='ltr'><strong>eo</strong></span> <span class='ocrx_word' id='word_1_256' title='bbox 1190 3263 1330 3334; x_wconf 85' lang='lat' dir='ltr'><strong>explicata</strong></span> <span class='ocrx_word' id='word_1_257' title='bbox 1346 3263 1415 3318; x_wconf 90' lang='lat' dir='ltr'><strong>mihi</strong></span> 
     </span>
     <span class='ocr_line' id='line_1_29' title="bbox 225 3347 709 3420; baseline -0.006 -14"><span class='ocrx_word' id='word_1_258' title='bbox 225 3368 288 3406; x_wconf 87' lang='lat' dir='ltr'><strong>esse</strong></span> <span class='ocrx_word' id='word_1_259' title='bbox 307 3349 438 3405; x_wconf 89' lang='lat' dir='ltr'><strong>videntur</strong></span> <span class='ocrx_word' id='word_1_260' title='bbox 457 3348 603 3420; x_wconf 78' lang='lat' dir='ltr'><strong>(utsupra</strong></span> <span class='ocrx_word' id='word_1_261' title='bbox 620 3364 644 3415; x_wconf 87' lang='lat' dir='ltr'><strong>p.</strong></span> <span class='ocrx_word' id='word_1_262' title='bbox 657 3347 709 3417; x_wconf 90' lang='grc'>10).</span> 
     </span>
    </p>

    <p class='ocr_par' dir='ltr' id='par_1_5' title="bbox 223 3433 1415 3681">
     <span class='ocr_line' id='line_1_30' title="bbox 309 3433 1415 3507; baseline 0.002 -17"><span class='ocrx_word' id='word_1_263' title='bbox 309 3436 331 3507; x_wconf 86' lang='lat'><strong>²)</strong></span> <span class='ocrx_word' id='word_1_264' title='bbox 350 3436 527 3491; x_wconf 90' lang='lat' dir='ltr'><strong>Hermannus</strong></span> <span class='ocrx_word' id='word_1_265' title='bbox 547 3434 583 3490; x_wconf 92' lang='lat' dir='ltr'><strong>ad</strong></span> <span class='ocrx_word' id='word_1_266' title='bbox 595 3436 693 3505; x_wconf 85' lang='lat' dir='ltr'><strong>Viger.</strong></span> <span class='ocrx_word' id='word_1_267' title='bbox 704 3451 728 3501; x_wconf 87' lang='lat' dir='ltr'><strong>p.</strong></span> <span class='ocrx_word' id='word_1_268' title='bbox 739 3435 789 3489; x_wconf 88' lang='lat'><strong>881</strong></span> <span class='ocrx_word' id='word_1_269' title='bbox 809 3438 839 3489; x_wconf 87' lang='lat' dir='ltr'><strong>et</strong></span> <span class='ocrx_word' id='word_1_270' title='bbox 856 3433 1015 3490; x_wconf 88' lang='lat' dir='ltr'><strong>Lobeckius</strong></span> <span class='ocrx_word' id='word_1_271' title='bbox 1035 3434 1212 3490; x_wconf 71' lang='grc'>1111411274</span> <span class='ocrx_word' id='word_1_272' title='bbox 1231 3454 1265 3490; x_wconf 83' lang='lat' dir='ltr'><strong>ex</strong></span> <span class='ocrx_word' id='word_1_273' title='bbox 1285 3437 1324 3491; x_wconf 90' lang='lat' dir='ltr'><strong>eis</strong></span> <span class='ocrx_word' id='word_1_274' title='bbox 1343 3454 1415 3507; x_wconf 87' lang='lat' dir='ltr'><strong>quae</strong></span> 
     </span>
     <span class='ocr_line' id='line_1_31' title="bbox 224 3520 1414 3592; baseline -0.002 -13"><span class='ocrx_word' id='word_1_275' title='bbox 224 3523 393 3579; x_wconf 88' lang='lat' dir='ltr'><strong>antecedunt</strong></span> <span class='ocrx_word' id='word_1_276' title='bbox 417 3522 510 3578; x_wconf 90' lang='lat' dir='ltr'><strong>verbis</strong></span> <span class='ocrx_word' id='word_1_277' title='bbox 534 3522 664 3590; x_wconf 88' lang='lat' dir='ltr'><strong>supplent</strong></span> <span class='ocrx_word' id='word_1_278' title='bbox 686 3520 721 3576; x_wconf 91' lang='lat' dir='ltr'><strong>ad</strong></span> <span class='ocrx_word' id='word_1_279' title='bbox 745 3526 785 3576; x_wconf 81' lang='grc' dir='ltr'><strong>ἔνι</strong></span> <span class='ocrx_word' id='word_1_280' title='bbox 792 3562 800 3589; x_wconf 89' lang='grc'><strong><em>,</em></strong></span> <span class='ocrx_word' id='word_1_281' title='bbox 824 3520 899 3592; x_wconf 91' lang='lat' dir='ltr'><strong>quod</strong></span> <span class='ocrx_word' id='word_1_282' title='bbox 921 3520 995 3576; x_wconf 91' lang='lat' dir='ltr'><strong>idem</strong></span> <span class='ocrx_word' id='word_1_283' title='bbox 1018 3523 1056 3577; x_wconf 89' lang='lat' dir='ltr'><strong>sit</strong></span> <span class='ocrx_word' id='word_1_284' title='bbox 1079 3539 1111 3576; x_wconf 92' lang='lat' dir='ltr'><strong>ac</strong></span> <span class='ocrx_word' id='word_1_285' title='bbox 1134 3527 1224 3591; x_wconf 79' lang='grc' dir='ltr'><strong><em>ἔνεστι,</em></strong></span> <span class='ocrx_word' id='word_1_286' title='bbox 1247 3522 1414 3577; x_wconf 86' lang='lat' dir='ltr'><strong>infinitivum</strong></span> 
     </span>
     <span class='ocr_line' id='line_1_32' title="bbox 223 3606 1415 3681; baseline 0.002 -17"><span class='ocrx_word' id='word_1_287' title='bbox 223 3615 316 3678; x_wconf 76' lang='grc' dir='ltr'><strong><em>λαβεῖν</em></strong></span> <span class='ocrx_word' id='word_1_288' title='bbox 334 3608 431 3681; x_wconf 87' lang='lat' dir='ltr'><strong>(„quid</strong></span> <span class='ocrx_word' id='word_1_289' title='bbox 454 3613 498 3663; x_wconf 87' lang='lat' dir='ltr'><strong>cst</strong></span> <span class='ocrx_word' id='word_1_290' title='bbox 521 3607 596 3680; x_wconf 90' lang='lat' dir='ltr'><strong>quod</strong></span> <span class='ocrx_word' id='word_1_291' title='bbox 615 3626 649 3663; x_wconf 85' lang='lat' dir='ltr'><strong>ex</strong></span> <span class='ocrx_word' id='word_1_292' title='bbox 672 3607 739 3662; x_wconf 88' lang='lat' dir='ltr'><strong>navi</strong></span> <span class='ocrx_word' id='word_1_293' title='bbox 762 3624 825 3661; x_wconf 86' lang='lat' dir='ltr'><strong>mea</strong></span> <span class='ocrx_word' id='word_1_294' title='bbox 848 3608 920 3662; x_wconf 88' lang='lat' dir='ltr'><strong>sumi</strong></span> <span class='ocrx_word' id='word_1_295' title='bbox 943 3626 998 3663; x_wconf 91' lang='lat' dir='ltr'><strong>non</strong></span> <span class='ocrx_word' id='word_1_296' title='bbox 1022 3607 1170 3679; x_wconf 82' lang='lat' dir='ltr'><strong>possit?“).</strong></span> <span class='ocrx_word' id='word_1_297' title='bbox 1207 3606 1279 3663; x_wconf 86' lang='lat' dir='ltr'><strong>Sunt</strong></span> <span class='ocrx_word' id='word_1_298' title='bbox 1304 3626 1415 3681; x_wconf 86' lang='lat' dir='ltr'><strong>quoque</strong></span> 
     </span>
    </p>

    <p class='ocr_par' dir='ltr' id='par_1_6' title="bbox 224 3697 1412 3941">
     <span class='ocr_line' id='line_1_33' title="bbox 264 3697 497 3749; baseline 0 0"><span class='ocrx_word' id='word_1_299' title='bbox 264 3699 269 3709; x_wconf 89' lang='lat'>&#39;</span> <span class='ocrx_word' id='word_1_300' title='bbox 343 3697 378 3749; x_wconf 86' lang='lat' dir='ltr'><strong>li</strong></span> <span class='ocrx_word' id='word_1_301' title='bbox 416 3700 428 3749; x_wconf 77' lang='lat' dir='ltr'><strong>t</strong></span> <span class='ocrx_word' id='word_1_302' title='bbox 458 3716 497 3749; x_wconf 83' lang='grc' dir='ltr'><strong>πι.</strong></span> 
     </span>
     <span class='ocr_line' id='line_1_34' title="bbox 224 3701 1412 3855; baseline 0 -18"><span class='ocrx_word' id='word_1_303' title='bbox 224 3715 271 3768; x_wconf 70' lang='lat' dir='ltr'><strong>qm</strong></span> <span class='ocrx_word' id='word_1_304' title='bbox 290 3714 341 3853; x_wconf 49' lang='lat' dir='ltr'><strong>cdl}</strong></span> <span class='ocrx_word' id='word_1_305' title='bbox 351 3701 486 3838; x_wconf 58' lang='lat' dir='ltr'><strong>Sdbletris:</strong></span> <span class='ocrx_word' id='word_1_306' title='bbox 500 3781 571 3837; x_wconf 83' lang='lat' dir='ltr'><strong>Nou.</strong></span> <span class='ocrx_word' id='word_1_307' title='bbox 581 3782 657 3837; x_wconf 89' lang='lat' dir='ltr'><strong>lectt.</strong></span> <span class='ocrx_word' id='word_1_308' title='bbox 668 3782 939 3852; x_wconf 75' lang='lat' dir='ltr'><strong>p.200sq.prop0nit</strong></span> <span class='ocrx_word' id='word_1_309' title='bbox 948 3783 995 3836; x_wconf 77' lang='grc' dir='ltr'><strong>σοῦ</strong></span> <span class='ocrx_word' id='word_1_310' title='bbox 1003 3782 1121 3855; x_wconf 77' lang='grc' dir='ltr'><strong><em>τύχοιμι,</em></strong></span> <span class='ocrx_word' id='word_1_311' title='bbox 1132 3799 1216 3853; x_wconf 90' lang='lat' dir='ltr'><strong>quam</strong></span> <span class='ocrx_word' id='word_1_312' title='bbox 1226 3783 1412 3838; x_wconf 87' lang='lat' dir='ltr'><strong>coniecturam</strong></span> 
     </span>
     <span class='ocr_line' id='line_1_35' title="bbox 225 3866 1120 3941; baseline -0.002 -16"><span class='ocrx_word' id='word_1_313' title='bbox 225 3873 395 3940; x_wconf 83' lang='lat' dir='ltr'><strong>exceperunt</strong></span> <span class='ocrx_word' id='word_1_314' title='bbox 413 3867 573 3923; x_wconf 89' lang='lat' dir='ltr'><strong>Dindorfius</strong></span> <span class='ocrx_word' id='word_1_315' title='bbox 592 3867 706 3939; x_wconf 91' lang='lat' dir='ltr'><strong>aliique;</strong></span> <span class='ocrx_word' id='word_1_316' title='bbox 726 3866 876 3922; x_wconf 84' lang='lat' dir='ltr'><strong>Elmsleius</strong></span> <span class='ocrx_word' id='word_1_317' title='bbox 895 3872 987 3923; x_wconf 90' lang='lat' dir='ltr'><strong>mutat</strong></span> <span class='ocrx_word' id='word_1_318' title='bbox 1004 3874 1120 3941; x_wconf 80' lang='grc' dir='ltr'><strong><em>ἐναισῖῳ.</em></strong></span> 
     </span>
    </p>

    <p class='ocr_par' dir='ltr' id='par_1_7' title="bbox 219 3952 1414 4114">
     <span class='ocr_line' id='line_1_36' title="bbox 308 3952 1414 4030; baseline 0.002 -21"><span class='ocrx_word' id='word_1_319' title='bbox 308 3955 330 4026; x_wconf 75' lang='lat'><strong>⁴)</strong></span> <span class='ocrx_word' id='word_1_320' title='bbox 349 3954 471 4009; x_wconf 82' lang='lat' dir='ltr'><strong>Hensius</strong></span> <span class='ocrx_word' id='word_1_321' title='bbox 490 3954 506 4010; x_wconf 95' lang='lat' dir='ltr'><strong>l.</strong></span> <span class='ocrx_word' id='word_1_322' title='bbox 526 3953 542 4008; x_wconf 95' lang='lat' dir='ltr'><strong>l.</strong></span> <span class='ocrx_word' id='word_1_323' title='bbox 563 3972 589 4025; x_wconf 90' lang='lat' dir='ltr'><strong>p.</strong></span> <span class='ocrx_word' id='word_1_324' title='bbox 604 3955 654 4008; x_wconf 89' lang='lat'><strong>185</strong></span> <span class='ocrx_word' id='word_1_325' title='bbox 672 3952 781 4009; x_wconf 84' lang='lat' dir='ltr'><strong>mavult</strong></span> <span class='ocrx_word' id='word_1_326' title='bbox 799 3955 938 4027; x_wconf 74' lang='grc' dir='ltr'><strong><em>συντυχόν</em></strong></span> <span class='ocrx_word' id='word_1_327' title='bbox 956 3954 1025 4022; x_wconf 82' lang='grc' dir='ltr'><strong><em>κάκῃ</em></strong></span> <span class='ocrx_word' id='word_1_328' title='bbox 1050 3956 1156 4025; x_wconf 75' lang='grc' dir='ltr'><strong><em>άμχοῖν</em></strong></span> <span class='ocrx_word' id='word_1_329' title='bbox 1169 3956 1326 4027; x_wconf 80' lang='grc' dir='ltr'><strong><em>Ἀτρειδαῖν</em></strong></span> <span class='ocrx_word' id='word_1_330' title='bbox 1344 3957 1375 4030; x_wconf 69' lang='grc' dir='ltr'><strong><em>τῇ</em></strong></span> <span class='ocrx_word' id='word_1_331' title='bbox 1392 3956 1414 4011; x_wconf 84' lang='grc' dir='ltr'><strong><em>τ’</em></strong></span> 
     </span>
     <span class='ocr_line' id='line_1_37' title="bbox 219 4045 436 4114; baseline -0.009 -17"><span class='ocrx_word' id='word_1_332' title='bbox 219 4045 365 4103; x_wconf 79' lang='grc' dir='ltr'><strong><em>Ὀδυσσέως</em></strong></span> <span class='ocrx_word' id='word_1_333' title='bbox 382 4048 436 4114; x_wconf 71' lang='grc' dir='ltr'><strong><em>βόα.</em></strong></span> 
     </span>
    </p>

    <p class='ocr_par' dir='ltr' id='par_1_8' title="bbox 225 4127 1412 4289">
     <span class='ocr_line' id='line_1_38' title="bbox 309 4127 1412 4200; baseline 0.001 -16"><span class='ocrx_word' id='word_1_334' title='bbox 309 4128 331 4199; x_wconf 76' lang='lat'><strong>⁶)</strong></span> <span class='ocrx_word' id='word_1_335' title='bbox 349 4128 505 4184; x_wconf 87' lang='lat' dir='ltr'><strong>Hermanni</strong></span> <span class='ocrx_word' id='word_1_336' title='bbox 524 4127 681 4199; x_wconf 82' lang='lat' dir='ltr'><strong>explicandi</strong></span> <span class='ocrx_word' id='word_1_337' title='bbox 699 4128 838 4183; x_wconf 88' lang='lat' dir='ltr'><strong>rationem</strong></span> <span class='ocrx_word' id='word_1_338' title='bbox 856 4129 913 4182; x_wconf 93' lang='lat' dir='ltr'><strong>iam</strong></span> <span class='ocrx_word' id='word_1_339' title='bbox 925 4127 1082 4183; x_wconf 84' lang='lat' dir='ltr'><strong>Ellendtius</strong></span> <span class='ocrx_word' id='word_1_340' title='bbox 1105 4127 1241 4183; x_wconf 83' lang='lat' dir='ltr'><strong>refutavit</strong></span> <span class='ocrx_word' id='word_1_341' title='bbox 1253 4127 1271 4182; x_wconf 88' lang='lat' dir='ltr'><strong>l.</strong></span> <span class='ocrx_word' id='word_1_342' title='bbox 1284 4129 1301 4183; x_wconf 86' lang='lat' dir='ltr'><strong>l.</strong></span> <span class='ocrx_word' id='word_1_343' title='bbox 1314 4147 1340 4200; x_wconf 94' lang='lat' dir='ltr'><strong>p.</strong></span> <span class='ocrx_word' id='word_1_344' title='bbox 1354 4130 1412 4185; x_wconf 85' lang='lat'><strong>246.</strong></span> 
     </span>
     <span class='ocr_line' id='line_1_39' title="bbox 225 4203 1363 4289; baseline -0.001 -18"><span class='ocrx_word' id='word_1_345' title='bbox 225 4214 398 4272; x_wconf 78' lang='lat' dir='ltr'><strong>Conferenda</strong></span> <span class='ocrx_word' id='word_1_346' title='bbox 416 4220 481 4270; x_wconf 85' lang='lat' dir='ltr'><strong>sunt</strong></span> <span class='ocrx_word' id='word_1_347' title='bbox 499 4215 603 4270; x_wconf 88' lang='lat' dir='ltr'><strong>Herod.</strong></span> <span class='ocrx_word' id='word_1_348' title='bbox 616 4214 659 4269; x_wconf 93' lang='lat' dir='ltr'><strong>IV</strong></span> <span class='ocrx_word' id='word_1_349' title='bbox 679 4215 730 4269; x_wconf 87' lang='lat'><strong>140</strong></span> <span class='ocrx_word' id='word_1_350' title='bbox 747 4219 777 4269; x_wconf 88' lang='lat' dir='ltr'><strong>et</strong></span> <span class='ocrx_word' id='word_1_351' title='bbox 794 4214 853 4269; x_wconf 87' lang='lat' dir='ltr'><strong>VH</strong></span> <span class='ocrx_word' id='word_1_352' title='bbox 870 4215 922 4270; x_wconf 84' lang='grc'><strong>208</strong></span> <span class='ocrx_word' id='word_1_353' title='bbox 941 4216 1047 4286; x_wconf 71' lang='grc' dir='ltr'><strong><em>ἀλογίης</em></strong></span> <span class='ocrx_word' id='word_1_354' title='bbox 1064 4236 1091 4270; x_wconf 79' lang='grc' dir='ltr'><strong>τε</strong></span> <span class='ocrx_word' id='word_1_355' title='bbox 1108 4214 1243 4289; x_wconf 70' lang='grc' dir='ltr'><strong><em>ἐνεκύρησε</em></strong></span> <span class='ocrx_word' id='word_1_356' title='bbox 1261 4203 1363 4284; x_wconf 62' lang='grc' dir='ltr'><strong><em>πολλῆς.</em></strong></span> 
     </span>
    </p>

    <p class='ocr_par' dir='ltr' id='par_1_9' title="bbox 311 4299 1194 4374">
     <span class='ocr_line' id='line_1_40' title="bbox 311 4299 1194 4374; baseline -0.002 -16"><span class='ocrx_word' id='word_1_357' title='bbox 311 4302 332 4373; x_wconf 77' lang='lat'><strong>⁶)</strong></span> <span class='ocrx_word' id='word_1_358' title='bbox 350 4301 438 4358; x_wconf 88' lang='lat' dir='ltr'><strong>Velut</strong></span> <span class='ocrx_word' id='word_1_359' title='bbox 456 4301 622 4374; x_wconf 83' lang='lat' dir='ltr'><strong>Bernhardy</strong></span> <span class='ocrx_word' id='word_1_360' title='bbox 641 4302 659 4356; x_wconf 92' lang='grc'><strong>1.</strong></span> <span class='ocrx_word' id='word_1_361' title='bbox 677 4301 694 4357; x_wconf 91' lang='grc'><strong>1.</strong></span> <span class='ocrx_word' id='word_1_362' title='bbox 713 4319 740 4373; x_wconf 91' lang='lat' dir='ltr'><strong>p.</strong></span> <span class='ocrx_word' id='word_1_363' title='bbox 753 4301 795 4356; x_wconf 80' lang='lat'><strong>95.</strong></span> <span class='ocrx_word' id='word_1_364' title='bbox 835 4299 874 4357; x_wconf 80' lang='lat' dir='ltr'><strong>cf.</strong></span> <span class='ocrx_word' id='word_1_365' title='bbox 887 4301 1021 4358; x_wconf 86' lang='lat' dir='ltr'><strong>Benloew</strong></span> <span class='ocrx_word' id='word_1_366' title='bbox 1039 4301 1056 4357; x_wconf 92' lang='lat' dir='ltr'><strong>l.</strong></span> <span class='ocrx_word' id='word_1_367' title='bbox 1075 4301 1093 4357; x_wconf 97' lang='lat' dir='ltr'><strong>l.</strong></span> <span class='ocrx_word' id='word_1_368' title='bbox 1112 4321 1139 4374; x_wconf 94' lang='lat' dir='ltr'><strong>p.</strong></span> <span class='ocrx_word' id='word_1_369' title='bbox 1151 4302 1194 4356; x_wconf 90' lang='lat'><strong>41.</strong></span> 
     </span>
    </p>
   </div>
   <div class='ocr_carea' id='block_1_4' title="bbox 0 0 1655 5059">
    <p class='ocr_par' dir='ltr' id='par_1_10' title="bbox 0 0 1655 5059">
     <span class='ocr_line' id='line_1_41' title="bbox 0 0 1655 5059; baseline 0 0"><span class='ocrx_word' id='word_1_370' title='bbox 0 0 1655 5059; x_wconf 95' lang='lat' dir='ltr'><strong> </strong></span> 
     </span>
    </p>
   </div>
  </div>
 </body>
</html>
