3300 5059
492 536 882 623 φοβουμένη.
972 537 1182 621 Atque
1240 540 1391 601 item
1444 538 1856 603 iudicandum
1914 561 2054 603 esse
2111 547 2263 623 puto
2322 538 2401 630 de
2466 541 2562 604 his
2619 541 2866 624 Thucy-

491 631 693 705 dideis
738 641 804 705 II
853 644 955 723 62,
991 644 1029 706 3
1077 641 1217 707 οὐδ’
1263 643 1435 715 εἰκὸς
1491 646 1796 727 χαλεπῶς
1850 642 2072 728 φέρειν
2126 643 2356 710 αὐτῶν
2407 648 2665 729 μᾶλλον
2709 645 2749 731 ἢ
2794 644 2873 710 οὗ

491 747 730 831 κηπίον
782 799 794 809 .
844 799 856 810 .
906 799 918 811 .
965 745 1130 831 πρὸς
1177 746 1430 832 ταύτην
1477 748 1878 831 νομίσαντας
1924 746 2324 834 ὀλιγωρῆσαι
2371 756 2436 812 et
2479 747 2511 811 I
2557 751 2659 830 77,
2709 748 2871 814 301²·

491 852 610 914 τοῦ
652 849 931 925 πλέονος
974 850 1064 936 μὴ
1112 849 1593 935 στερισκόμενοι
1637 850 1834 936 χάριν
1886 849 2159 935 ἔχουσιν,
2218 851 2391 917 ἀλλὰ
2443 856 2563 917 τοῦ
2608 851 2871 933 ἐνδεοῦς

485 952 950 1039 χαλεπώτερον
997 952 1376 1039 φέρουσινῆ
1421 954 1514 1020 εἰ.
1543 1007 1555 1019 .
1585 958 1927 1040 ,φανερῶς
1974 955 2525 1041 ἐπλεονεκτοῦμεν
2542 956 2611 1039 1).

657 1056 943 1121 Verbum
982 1059 1184 1141 γελᾶν
1207 1080 1246 1120 a
1271 1056 1586 1139 Sophocle
1612 1058 1750 1122 solo
1765 1058 1818 1141 2)
1852 1081 1993 1122 cum
2017 1060 2298 1142 genitivo
2323 1066 2561 1123 temere
2585 1060 2868 1123 iunctum

485 1167 602 1245 est,
635 1161 808 1243 quod
841 1164 949 1244 qui
981 1162 1063 1224 sit
1093 1160 1577 1245 intelligendum
1599 1161 1879 1226 nondum
1908 1164 2063 1226 satis
2096 1171 2194 1226 est
2224 1163 2636 1248 explanatum
2659 1185 2866 1248 neque
2954 1231 2958 1233 ,

482 1264 753 1329 multum
785 1264 986 1344 abest,
1021 1266 1176 1349 quin
1208 1271 1452 1328 statuas
1494 1266 1666 1330 hunc
1695 1267 2046 1350 genitivum
2077 1265 2473 1350 probabilem
2505 1267 2864 1353 explicandi

480 1371 794 1434 rationem
860 1392 988 1433 non
1055 1368 1408 1434 admittere.
1500 1369 1681 1435 Haec
1746 1372 1942 1455 igitur
2010 1378 2155 1435 sunt
2208 1371 2604 1435 Philoctetae
2670 1370 2867 1434 verba

484 1476 648 1539 1123
683 1495 818 1558 sqq.
881 1474 1056 1559 οἴμοι
1107 1499 1236 1559 μοι,
1307 1475 1420 1539 καί
1485 1499 1614 1539 που
1678 1478 1917 1550 πολιᾶς
1967 1473 2223 1540 πόντου
2292 1475 2481 1550 θινὸς
2548 1474 2863 1561 ἐφήμενος

476 1579 594 1662 (sc.
630 1577 982 1660 Odysseus)
1054 1580 1209 1667 γελᾷ
1256 1602 1384 1662 μου
1426 1580 1564 1663 χερὶ
1608 1577 1892 1643 πάλλων
1940 1578 2068 1644 τάν
2115 1578 2283 1663 ἐμᾶν
2324 1577 2558 1663 μελέου
2605 1578 2861 1661 τροφὰν

480 1688 622 1746 κτλ.
706 1680 919 1765 Atque
965 1683 1262 1766 quoniam
1310 1681 1574 1746 verbum
1613 1686 1997 1767 καταγελᾶν
2026 1683 2377 1767 genitivum
2408 1682 2529 1745 sibi
2562 1681 2859 1763 adnectit,

478 1785 725 1871 decepti
772 1791 922 1849 sunt
963 1787 1084 1849 viri
1126 1785 1294 1849 docti
1310 1786 1362 1869 ³)
1409 1785 1677 1849 verbum
1715 1786 1984 1869 simplex
2015 1786 2118 1849 hic
2164 1786 2433 1850 eandem
2463 1788 2595 1850 vim
2618 1776 2865 1849 'habere
2964 1867 2968 1871 ‚
3030 1827 3038 1833 -

477 1897 809 1953 censentes
856 1912 1049 1974 quam
1104 1890 1370 1954 verbum
1420 1892 1859 1973 compositum.
1954 1888 2068 1954 Cui
2115 1892 2468 1954 sententiae
2514 1897 2586 1953 ut
2640 1910 2859 1953 assen-

474 1994 599 2056 tiar
630 1993 846 2083 facere,
869 2016 998 2057 non
1023 2015 1305 2078 possum.
1369 1994 1595 2079 Neque
1628 1996 1796 2057 enim
1827 1994 1940 2059 tali
1965 1995 2214 2058 inscitia
2245 1994 2442 2058 fuisse
2475 1992 2859 2079 Sophoclem

473 2103 733 2179 poetam
807 2097 1353 2181 elegantissimum
1428 2097 1871 2182 eruditumque
1946 2101 2222 2184 suspicio
2297 2104 2424 2180 est,
2500 2105 2572 2161 ut
2646 2097 2859 2181 aliqua

472 2202 851 2265 necessitate
898 2208 1159 2265 coactus
1207 2203 1315 2285 sit,
1373 2200 1512 2265 loco
1567 2201 1746 2265 verbi
1802 2201 2163 2284 cuiusdam,
2222 2200 2397 2285 quod
2452 2203 2663 2266 animo
2722 2203 2859 2264 eius

473 2304 951 2388 obversaretur,
1019 2304 1193 2369 aliud
1268 2304 1672 2369 substituere.
1770 2303 1996 2387 Neque
2063 2307 2345 2369 animum
2411 2304 2713 2369 inducam
2780 2311 2849 2367 ut

466 2416 711 2493 putem,
791 2431 1045 2474 sensum
1112 2408 1292 2473 verbi
1361 2412 1744 2493 καταγελᾶν
1808 2410 1874 2472 in
1949 2408 2158 2473 verbo'
2221 2409 2490 2493 simplici
2560 2409 2842 2473 auditum

466 2521 854 2578 structuram
881 2513 1071 2577 simul
1099 2512 1279 2576 verbi
1311 2514 1643 2597 compositi
1689 2514 1755 2576 in
1794 2512 2061 2577 verbum
2107 2512 2375 2596 simplex
2420 2511 2833 2577 transtulisse.

464 2619 665 2684 Immo
742 2624 1011 2704 apparet
1076 2640 1111 2681 e
1177 2619 1434 2682 notione
1508 2615 1818 2681 irridendi
1891 2619 2147 2681 minime
2218 2618 2571 2702 genitivum
2642 2615 2838 2680 verbo

465 2725 847 2808 καταγελᾶν
903 2721 1222 2786 adnexum
1279 2742 1441 2803 esse,
1501 2720 1615 2785 sed
1684 2720 1857 2805 quod
1923 2721 2048 2785 hoc
2113 2720 2379 2785 verbum
2446 2742 2590 2784 cum
2654 2741 2840 2804 prae-

461 2829 780 2911 positione
837 2826 1013 2892 κατά
1067 2828 1353 2891 iunctum
1410 2833 1521 2889 est.
1624 2825 1851 2910 Itaque
1907 2847 2048 2889 cum
2114 2825 2251 2889 fieri
2303 2846 2429 2889 non
2484 2825 2700 2909 possit,
2772 2831 2841 2887 ut

462 2931 956 3013 demonstretur,
988 2928 1257 2994 verbum
1289 2929 1555 3013 simplex
1588 2951 1775 2993 usum
1804 2936 2226 3013 naturamque
2250 2928 2426 2993 verbi
2461 2929 2842 3012 καταγελᾶν

458 3035 725 3099 induere
770 3056 978 3118 posse,
1024 3033 1137 3097 illa
1166 3034 1451 3097 virorum
1484 3032 1817 3097 doctorum
1849 3035 2063 3119 opinio
2096 3032 2417 3097 reicienda
2448 3039 2562 3098 est.
2633 3029 2841 3107 Quid?

463 3138 634 3223 quod
681 3145 745 3202 et
788 3141 1000 3223 ipsum
1037 3136 1305 3200 verbum
1352 3140 1735 3221 καταγελᾶν
1779 3144 2132 3202 structuras
2164 3138 2440 3200 variavit
2486 3138 2595 3221 (se.
2634 3160 2837 3201 κατα-

463 3246 664 3328 γελᾶν
719 3267 897 3319 τινος
948 3241 1050 3305 vel
1099 3242 1272 3324 τινί).
1362 3239 1618 3324 Ergone
1674 3242 1975 3325 analogia
2028 3240 2348 3325 quaedam
2401 3246 2719 3304 statuatur
2773 3240 2837 3301 in

458 3369 578 3411 usu
627 3346 970 3411 verborum
1017 3347 1398 3429 καταγελᾶν
1444 3352 1507 3408 et
1555 3344 1797 3429 γελᾶνὶ)
1875 3344 2006 3410 Sed
2051 3345 2236 3409 aliter
2280 3343 2695 3409 iudicandum
2741 3349 2838 3406 est

458 3451 537 3516 de
583 3450 778 3516 verbo
826 3449 1291 3533 καταγελᾶν4),
1339 3448 1528 3512 aliter
1573 3448 1652 3512 de
1683 3447 1881 3513 verbo
1933 3452 2151 3534 γελᾶν,
2198 3449 2500 3533 quoniam
2542 3469 2684 3511 cum
2716 3446 2838 3509 hoc

454 3556 799 3641 genitivus,
878 3576 1022 3618 cum
1088 3553 1198 3617 illo
1269 3550 1519 3617 dativus
1596 3554 1718 3617 nisi
1793 3553 2141 3617 insolenter
2205 3574 2336 3616 non
2410 3552 2834 3634 coniungitur.

453 3660 882 3725 Nihilominus
948 3656 1214 3722 verbum
1283 3659 1666 3741 καταγελᾶν
1739 3660 1907 3722 viam
1982 3658 2187 3722 munit
2260 3655 2343 3720 ad
2418 3662 2658 3719 rectam
2728 3676 2835 3716 ex-

627 3830 670 3899 1)
709 3828 1026 3885 Classenius
1073 3827 1145 3883 ad
1181 3827 1234 3883 h.
1263 3828 1296 3882 l.
1334 3830 1684 3884 coniecturas
1733 3830 1982 3884 virorum
2030 3826 2320 3883 doctorum
2368 3827 2580 3882 reiecit.
2665 3823 2833 3879 Geni-

457 3925 601 3969 zirm
645 3925 829 3969 auhsau}
865 3914 1155 3971 absolutus
1193 3914 1590 3987 intelligendus
1629 3920 1719 3970 est
1758 3913 1967 3971 Herod.
1992 3915 2051 3969 II
2090 3915 2186 3968 121
2208 3937 2258 3985 y.

709 4013 721 4049 ⁴
741 4004 1003 4057 :unitivus
1041 4001 1329 4056 absolutus
1364 4002 1697 4057 statuendus
1734 4010 1821 4058 est
1845 4001 1953 4056 hoc
1976 4001 2229 4056 Platonis
2256 4002 2376 4057 loco
2403 4000 2632 4055 Theaet.
2658 4017 2714 4070 p.
2737 3999 2834 4052 175

461 4105 497 4145 Η
525 4093 593 4145 iis:
649 4097 701 4145 di-
741 4101 765 4138 ἐι
813 4089 897 4145 ἀπ’
931 4088 1322 4163 Ἀμφιτρύωνος
1347 4130 1360 4143 .
1388 4133 1400 4144 .
1429 4131 1441 4145 .
1474 4091 1701 4150 τοιοῦτος
1738 4086 1816 4159 ἦν,
1854 4092 1945 4144 οἵα
1982 4095 2291 4157 συνέβαινεν
2326 4090 2470 4160 αὐτῷ
2511 4087 2641 4161 τύχη
2643 4125 2834 4149 ......

453 4181 577 4249 jasius
617 4181 673 4230 m]
713 4182 1026 4250 Α’πψημένων
1063 4179 1366 4247 λογίζεσθαί
1403 4196 1455 4230 τε
1492 4178 1585 4230 καὶ
1616 4175 1921 4248 χαυνότητα
1970 4175 2195 4244 ἀνοήτου
2242 4176 2416 4248 ψυχῆς
2463 4172 2833 4228 ἀπαλλάττειν.

637 4269 661 4329 ·]
705 4265 876 4318 Ἰψ’-ΞΙῙιιῒ,
911 4262 1285 4319 Wannowski
1322 4262 1357 4316 l.
1383 4261 1414 4315 l.
1442 4279 1497 4333 p.
1524 4262 1642 4317 239.
1681 4261 1877 4318 Nauck
1914 4261 1986 4317 ad
2021 4261 2074 4319 h.
2102 4262 2135 4316 l.
2163 4260 2233 4316 al.

633 4357 665 4417 [J
705 4353 785 4405 [tf.
829 4350 965 4405 infra
999 4369 1053 4422 p.
1079 4352 1160 4405 25.
