3300 5059
1415 297 1426 354 χ
1493 273 1495 276 ,

712 352 832 444 .-ι9
880 387 918 396 -

227 544 357 610 εἰδέναι.
402 542 515 627 Neque
538 541 654 606 desunt
675 541 831 626 exempla,
856 563 937 625 quae
953 543 1021 605 eius
1037 539 1124 605 modi
1138 539 1291 624 loquendi
1315 563 1417 625 genus

227 647 417 713 exhibeant:¹
438 649 514 730 aas
528 668 573 731 sq.
599 646 676 712 οὐδὲ
701 645 845 731 τραπέζῃ
869 644 1003 731 γνώτην
1026 644 1182 731 ἀλλήλων
1204 664 1231 728 ιγ
1251 646 1311 709 108
1329 667 1375 730 sq.
1399 643 1419 732 ἦ

226 752 317 836 μάλα
334 755 397 818 voit
414 750 597 836 γνωοόχιεά>
615 748 771 836 ἀλλήλων
780 756 801 829 ¹)
817 748 909 812 Piod.
921 749 1016 832 Pyth.
1029 747 1076 812 IV
1092 752 1154 813 279
1172 770 1241 833 sqq.
1259 748 1417 834 taiyvffl)

227 859 288 943 μὲν
311 855 451 942 Κυράνα
580 855 715 920 δικαιᾶν
744 856 936 939 Δαμοφίλου
962 854 1140 940 πραπίδων
1168 872 1188 919 ο
1209 855 1251 918 34
1275 867 1360 920 τοῖιν
1382 854 1419 919 δὲ

228 959 356 1047 ξυνέηχ’
365 965 388 1038 ³)
418 957 507 1046 ἱερόν
532 960 630 1044 μένος
651 958 830 1025 Ἀντινόοιο
859 960 975 1023 (15487
1004 959 1031 1024 εί
1060 958 1089 1023 δ’
1117 958 1241 1032 ἐθέλεις
1262 958 1420 1044 πολέμοιο

230 1064 430 1159 δαήμεναί).
479 1062 605 1147 Optime
632 1084 709 1126 vero
736 1063 817 1126 haec
842 1064 998 1127 sermonis
1025 1064 1206 1149 proprietas
1239 1062 1420 1128 illustratur

229 1169 299 1233 aliis
322 1166 514 1253 quibusdam
535 1167 688 1252 exemplis
712 1189 751 1231 ex
774 1166 887 1231 eodem
901 1166 1042 1233 Homero
1066 1167 1187 1248 allatis;
1212 1189 1295 1252 quae
1318 1169 1345 1231 si
1369 1170 1419 1233 oui

228 1271 355 1337 diversa
381 1272 423 1337 ab
450 1271 523 1354 illis,
553 1293 635 1355 quae
662 1270 757 1336 modo
786 1269 955 1355 adscripsi,
994 1292 1064 1335 esse
1091 1270 1275 1355 videantur,
1311 1271 1419 1335 videas

228 1382 383 1461 quantum
409 1375 451 1440 ad
477 1383 598 1440 rectam
625 1375 898 1458 interpretationis
926 1377 1010 1438 viam
1032 1374 1256 1439 inveniendam
1279 1375 1418 1440 valeant.

226 1481 393 1565 Leguntur
420 1481 505 1543 enim
532 1479 625 1543 haec:
656 1485 675 1544 ί
705 1480 767 1542 174
793 1479 862 1545 εἰπὲ
891 1479 928 1544 δὲ
953 1504 1009 1562 μοι
1035 1479 1161 1565 πατρός
1189 1504 1224 1545 τε
1251 1480 1307 1545 καὶ
1333 1478 1419 1553 υἱέος

226 1592 245 1651 ί
268 1586 334 1649 490
355 1605 402 1668 sq.
427 1582 500 1649 ἀλλ’
525 1582 585 1668 ἀγε
605 1607 661 1667 μοι
685 1585 745 1648 τοῦ
766 1582 885 1656 παιδός
908 1581 1038 1667 ἀγαυοῦ
1059 1587 1171 1668 μῦθον
1188 1583 1318 1657 ’ἐνίσπες
1334 1636 1341 1649 .
1358 1637 1365 1649 .
1383 1636 1414 1649 ..

227 1689 295 1754 εἰπὲ
319 1687 355 1754 δέ
377 1712 432 1773 μοι
454 1690 628 1774 Πηλῆοςῧ).
667 1685 788 1763 Quibus
806 1688 985 1771 perspectis
1007 1689 1041 1751 in
1057 1710 1127 1751 eam
1150 1689 1340 1752 sententiam
1363 1685 1419 1750 ad-

229 1791 341 1856 ductus
372 1813 443 1856 sum
474 1792 649 1876 genitivum
675 1790 816 1875 pendere
851 1814 868 1854 e
895 1793 1023 1855 nomine
1052 1791 1192 1875 quodam
1219 1790 1419 1855 substantivo

229 1894 397 1979 audiendo,
415 1897 461 1961 ita
477 1902 513 1960 ut
523 1896 682 1981 genitivus
705 1894 910 1959 attributivus
928 1898 969 1961 sit
988 1895 1215 1981 intelligendus
1238 1895 1418 1978 (Kenntnis,

227 1999 343 2064 Konde
369 1999 489 2082 haben,
518 1998 709 2064 bekommen
735 2021 798 2065 νου
825 2005 926 2063 etwas
955 2023 986 2063 u.
1007 2022 1031 2064 s.
1055 2005 1125 2081 w.).'
1167 2000 1282 2065 Nescio
1312 2006 1419 2064 autem

228 2126 269 2169 an
292 2105 362 2189 quis
385 2105 545 2168 existimet
560 2102 693 2168 ablativi
715 2104 879 2167 notionem
903 2125 976 2167 cum
998 2103 1048 2167 his
1072 2104 1178 2168 verbis
1202 2103 1419 2188 aprimordiis

227 2210 444 2274 consociatam
469 2207 583 2286 fuisse,
619 2230 701 2293 quae
728 2214 838 2272 tamen
865 2210 987 2292 opinio,
1023 2231 1095 2272 cum
1122 2210 1281 2293 genitivus
1315 2208 1419 2272 nudos

226 2314 294 2397 ipse
327 2311 407 2375 nihil
438 2312 608 2396 praebeat,
642 2333 705 2397 quo
738 2313 809 2396 quis
843 2314 979 2395 nitatur,
1013 2335 1118 2397 neque
1152 2335 1169 2375 e
1203 2311 1326 2396 reliquo
1360 2334 1420 2376 usu

227 2415 399 2481 verborum
426 2438 509 2501 quae
535 2416 599 2480 hue
626 2417 804 2501 spectant⁶)
832 2416 910 2481 certi
932 2418 1102 2501 quicquam
1125 2416 1285 2480 enucleari
1308 2418 1419 2500 possit,

229 2522 426 2607 argumentis
453 2519 575 2585 firmari
596 2522 716 2604 nequit.
767 2519 856 2597 Quae
882 2542 934 2584 res
962 2526 1034 2584 utut
1060 2541 1095 2584 se
1123 2520 1234 2603 habet,
1264 2522 1420 2584 rationem

230 2647 267 2689 ac
288 2627 375 2689 viam
396 2625 628 2709 interpretandi
650 2624 809 2689 indicasse
836 2626 913 2689 satis
936 2624 1051 2689 habeo.

314 2729 407 2794 Nunc
428 2731 538 2813 paucis
562 2736 694 2814 tangam
717 2728 851 2795 Homeri
865 2729 966 2793 verba
987 2735 1019 2795 E
1032 2731 1147 2813 eeesq.
1177 2729 1324 2814 ἐρείσατο
1338 2732 1420 2815 χειρὶ

227 2836 344 2919 παχείῃ
368 2836 460 2920 γαίης
482 2834 533 2916 (cf.
548 2839 577 2900 Λ
594 2834 735 2918 355sq.),
759 2856 842 2918 quae
864 2835 988 2897 varium
1010 2835 1044 2896 in
1059 2831 1188 2897 modum
1211 2832 1419 2916 explicantur.

316 3041 337 3111 ¹)
357 3039 429 3097 (lid
447 3041 497 3096 357
522 3042 557 3103 ὡς
573 3043 631 3114 γνῶ
646 3048 804 3116 χωομένοιο.
842 3040 1004 3097 Genitivum
1028 3045 1123 3097 eutem
1146 3039 1343 3095 attributivum
1366 3040 1420 3098 hoc

228 3128 415 3185 intellexerim
437 3129 498 3184 1000
522 3138 545 3183 Β
567 3129 619 3184 348
643 3146 685 3200 sq.
703 3132 767 3199 πρὶν
786 3133 833 3184 καὶ
850 3129 911 3190 Διός
929 3128 1065 3202 αἰγιόχοιο
1086 3128 1227 3200 γνώμεναι
1249 3131 1301 3183 εἴτε
1324 3130 1420 3198 ψεῦδος

228 3215 375 3288 ὑπόσχεσις,
393 3221 443 3270 εἴτε
461 3219 507 3270 καὶ
525 3216 593 3271 οὐκί.
625 3214 761 3271 Similiter
779 3214 871 3271 iudico
890 3215 925 3270 de
944 3213 1045 3270 Aesch.
1060 3214 1140 3269 Eum.
1152 3215 1212 3270 915.

313 3301 335 3373 2)
354 3302 493 3358 Perverse
512 3302 617 3358 iudicat
640 3301 764 3357 Friesius
783 3302 799 3358 l,
813 3302 870 3373 lp.
884 3303 918 3357 69
936 3302 1094 3373 genitivum
1113 3301 1235 3371 positum
1255 3318 1327 3369 esse,
1345 3302 1420 3373 quod

228 3390 304 3444 notio
323 3388 413 3444 affinis
432 3389 512 3444 verbi
531 3391 677 3462 πειρᾶσθαι
695 3389 877 3461 subrepserit.

312 3475 335 3544 3)
371 3473 410 3531 ef.
424 3486 448 3531 Β
465 3475 499 3530 26
518 3487 541 3531 Α
560 3475 611 3530 273
638 3475 749 3533 Thucl
767 3477 792 3543 3,
811 3477 835 3529 4.
871 3474 1004 3531 Fortasse
1027 3474 1082 3529 hue
1105 3478 1215 3545 spectat
1238 3475 1285 3530 hic
1309 3492 1420 3547 quoque

228 3560 344 3618 Homeri
361 3580 461 3618 versus
480 3565 499 3615 ἀ
514 3564 547 3617 76
565 3565 610 3618 τοῦ
628 3562 653 3615 e’
671 3562 842 3634 ἀγορεύοντος
859 3562 948 3623 ξύνετο
965 3562 1066 3623 ξανθὸς
1083 3566 1226 3622 Μενέλαος.

314 3648 335 3718 4)
355 3647 421 3704 Otr
438 3648 497 3703 325.

315 3735 336 3805 5)
356 3734 417 3801 Qua
434 3735 573 3790 locutione
592 3737 666 3791 inter
684 3736 807 3806 tragicos
827 3739 927 3806 poetas
945 3753 1016 3789 unus
1030 3732 1194 3805 Sophocles
1213 3741 1349 3807 quantum
1367 3755 1419 3791 nos

229 3821 341 3893 quidem
359 3821 496 3892 videmuS,
515 3840 582 3877 usus
601 3840 663 3877 esse
682 3821 801 3877 videtur.
840 3819 878 3876 ef.
897 3822 941 3877 Αἱ.
956 3821 1031 3876 1236.
1051 3820 1082 3876 0.
1098 3821 1130 3876 R.
1143 3822 1194 3877 700
1212 3840 1253 3894 sq.
1273 3821 1304 3879 0.
1318 3820 1347 3877 C.
1360 3823 1418 3877 355.

228 3909 287 3963 661.
300 3907 342 3963 ΕΙ.
351 3909 411 3965 317.
425 3908 522 3966 Trach.
533 3908 591 3964 928.
607 3908 681 3965 1122.
695 3907 767 3963 Phil.
778 3910 838 3961 441.
867 3908 963 3963 Verba
978 3910 1089 3971 ἀναξίου
1108 3912 1160 3981 μὲν
1172 3909 1258 3978 ιχωτός
1268 3908 1421 3983 ἐξερήσομαι

228 3996 362 4051 temerius
382 3995 435 4050 dici
453 4014 509 4051 non
528 3995 649 4051 concedo
668 3995 698 4051 F.
712 3995 759 4051 W.
773 3994 938 4064 Schmidtio,
959 3997 1007 4066 qui
1026 3997 1195 4067 scripturam
1210 4013 1281 4067 quae
1300 3994 1420 4050 traditur

261 4083 301 4136 rri
396 4101 424 4136 m
693 4081 792 4136 ‘tische
834 4081 895 4136 tudi
913 4101 931 4136 n
950 4083 963 4136 l
984 4083 1050 4136 1886
1090 4083 1177 4137 .244.

228 4100 260 4139 ⁰⁰
302 4081 872 4238 Ξῗῃίᾶἷῖίῑιῒθῗάνάἀάεεάόαῗζῗίσθάνεσῗίαι,
893 4101 1011 4237 ἀκούειν,
1029 4103 1125 4232 altico,
1144 4084 1223 4225 ι’ἀειν.
1259 4168 1420 4223 (lenitivum

228 4261 324 4312 autem
347 4248 384 4311 ὧν
409 4254 497 4327 Soph.
515 4255 615 4312 Trach.
635 4257 686 4312 399
710 4248 747 4311 ὧν
769 4258 792 4328 γ’
812 4257 848 4312 ἂν
865 4256 968 4317 terreos
986 4257 1056 4328 κυρῶ
1075 4274 1090 4310 e
1109 4254 1302 4326 praecedentis
1321 4271 1419 4309 versus

229 4343 323 4400 verbis
342 4343 372 4399 τό
389 4343 484 4400 πιστόν
500 4344 545 4412 τῆς
564 4344 689 4412 ἀληθείας
707 4343 830 4416 pendere
847 4347 925 4416 pute.
