3300 5059
738 363 932 425 ..6·-

323 553 422 617 Thuo.
451 552 499 616 ΙΙΙ
533 554 584 633 88,
611 555 629 615 9
668 549 754 617 ὥστε
776 551 922 639 εύσεβεὶςι-
941 553 1002 635 μὲν
1025 550 1192 635 οὐδέτεροι
1215 551 1366 636 ἐνόμιζον
1390 591 1427 598 -

237 655 355 720 Aesch.
373 656 448 721 Cho.
469 658 527 720 101
554 655 669 722 κοινὸν
693 654 758 740 γὰρ
781 653 881 740 ἔχθος
904 655 941 720 ἐν
964 654 1077 739 δόμοις
1099 656 1315 740 νομίζομενῑ).

323 760 438 824 Paucis
460 759 566 824 verbis
590 758 747 823 disserere
769 758 866 823 liceat
889 759 929 823 de
952 758 1014 822 hoc
1029 757 1160 823 Pindari
1181 759 1252 823 loco
1275 759 1369 843 Pyth.
1383 759 1429 823 IV

237 866 278 929 49
312 885 359 947 sq.
394 861 414 951 ἦ
447 863 517 949 μάν
549 888 604 929 νιν
636 861 790 948 ὤτρυνον
824 862 919 947 θαμὰ
953 861 1139 936 λυσιπόνοις
1174 863 1431 949 θεραπόντεσσιν

237 968 392 1052 φυλάξαι.
442 968 664 1052 Sequamume
690 966 881 1051 Friesium2)
916 973 1101 1032 censentem
1129 965 1271 1032 dativum
1304 990 1342 1032 eo
1376 990 1430 1032 ex-

237 1074 352 1156 cusari,
382 1071 468 1157 quod
491 1072 579 1137 notio
612 1070 791 1157 imperandi
825 1072 931 1136 animo
965 1070 1175 1135 obversetur?
1223 1070 1295 1136 Hac
1323 1079 1431 1137 autem

239 1180 293 1242 via
324 1176 404 1240 nihil
437 1198 496 1241 nos
523 1175 679 1263 proficere
711 1198 786 1242 mox
818 1175 995 1260 intelliges,
1029 1177 1217 1261 praesertim
1247 1198 1319 1241 cum
1347 1179 1431 1241 inter

239 1301 349 1347 omnes
384 1286 510 1344 constet
537 1277 623 1363 apud
650 1277 791 1344 Graecos
817 1280 905 1363 ipsos
932 1279 1111 1365 imperandi
1142 1279 1272 1344 notione
1300 1282 1430 1344 minime

237 1386 380 1451 dativum
395 1384 545 1469 flagitari.
584 1384 716 1449 Summo
738 1384 837 1467 igitur
859 1384 928 1448 iure
951 1384 1006 1448 alii
1029 1385 1090 1447 viri
1098 1385 1122 1468 3)
1140 1384 1225 1449 docti
1247 1384 1430 1469 analogiam

238 1488 326 1554 verbi
350 1487 473 1554 κελεύω
495 1494 834 1570 commemoraverrmt,
857 1488 908 1550 cui
931 1485 1065 1551 eandem
1088 1487 1129 1553 ob
1153 1510 1284 1553 causam
1300 1487 1429 1552 dativus

237 1614 364 1678 quoqne
387 1591 556 1656 adiunctus
580 1596 637 1655 est.
683 1588 787 1667 Quam
808 1590 1009 1675 licentiam4)
1030 1591 1168 1656 sortasse
1197 1592 1334 1657 conferri
1358 1592 1433 1656 licet

237 1719 309 1762 cum
336 1694 469 1760 Geethei
498 1694 572 1759 illo:
604 1693 686 1759 Wer
714 1694 781 1758 rust
806 1694 910 1779 mir⁶).
960 1694 1047 1760 Loco
1075 1697 1159 1760 enim
1188 1696 1317 1780 obiecti,
1346 1695 1433 1781 quod

237 1802 287 1866 his
314 1799 421 1865 verbis
448 1799 623 1864 transitivis
649 1799 739 1884 iungi
763 1797 862 1882 solet,
896 1797 1023 1863 dativus
1052 1802 1209 1885 genuinus
1238 1800 1431 1865 substitutus

237 1911 296 1988 est,
324 1926 389 1989 qua
410 1904 533 1968 ratione
560 1901 651 1967 verbi
678 1903 778 1988 ipsius
804 1904 853 1966 vis
881 1908 1027 1988 augetur.
1073 1902 1162 1980 Quae
1191 1904 1310 1969 locutio
1333 1904 1430 1969 latius

237 2009 380 2073 manavit
402 2028 500 2091 quam
521 2013 557 2070 ut
579 2005 725 2090 pluribus
747 2005 855 2070 verbis
878 2027 959 2090 opus
983 2008 1065 2088 sitss).

322 2111 392 2176 lam
418 2110 583 2175 videamus
611 2108 688 2194 quid
714 2109 922 2174 iudicandum
948 2112 991 2175 sit
1019 2110 1059 2174 de
1085 2113 1240 2196 genitivo,
1275 2114 1330 2196 qui
1359 2132 1431 2176 cum

237 2216 336 2281 verbo
360 2216 539 2301 τέρπεσθαι
554 2214 595 2279 ab
611 2212 752 2278 Homero
775 2215 903 2278 iunctus
926 2220 984 2278 est.
1022 2213 1130 2300 Vulgo
1139 2216 1166 2299 ⁷)
1181 2217 1265 2280 enim
1281 2224 1430 2281 censetur

239 2319 301 2385 hoo
324 2318 467 2400 verbum,
491 2319 518 2383 si
533 2318 693 2404 genitivus
714 2316 895 2401 adhibetur,
918 2319 1081 2383 notionem
1097 2319 1236 2383 satiandi
1251 2320 1430 2406 complecti,

239 2424 267 2487 si
290 2421 426 2505 dativus,
451 2421 641 2486 delectandi.
681 2421 803 2485 Tamen
825 2442 891 2486 non
915 2422 1063 2487 omnibus
1086 2422 1174 2503 locis,
1197 2421 1253 2487 ubi
1272 2425 1429 2508 genitivus

236 2526 364 2611 legitur,
388 2527 476 2591 notio
499 2525 636 2590 satiandi
659 2525 766 2608 placet
787 2525 876 2589 velut
897 2525 958 2590 hoc
981 2526 1053 2592 loco
1075 2545 1102 2612 ψ
1125 2530 1184 2592 211
1210 2549 1258 2612 sq.

445 2664 478 2730 οἳ
499 2667 583 2730 νῶϊν
607 2663 779 2748 ἀγάσαντο
800 2663 878 2750 παρ’
902 2663 1071 2732 αλλύλοισι
1086 2668 1224 2751 μένοντε

445 2767 556 2856 ἤθηςθ)
581 2771 746 2855 ταρπῆναι
769 2770 826 2834 καὶ
850 2766 971 2855 γήραος
990 2768 1093 2836 ούδόν
1115 2768 1246 2837 ἱκέσθαι

324 3025 345 3096 ¹)
365 3024 499 3081 Dativum
518 3025 605 3081 verbo
624 3029 723 3097 νομίζω
741 3024 904 3082 adiunctum
921 3029 1031 3083 invenis
1049 3027 1093 3083 his
1113 3046 1224 3102 quoque
1242 3029 1311 3087 locis
1324 3031 1431 3088 Herod.

238 3112 279 3168 lV
298 3113 339 3168 63.
359 3112 388 3167 II
406 3112 448 3168 50.
485 3109 524 3167 cf.
537 3111 654 3167 Ksshner
672 3110 689 3166 l.
702 3110 719 3167 l.
732 3130 759 3184 p.
772 3113 833 3167 379.
850 3112 1017 3183 Bernhardy
1034 3113 1051 3171 l.
1065 3113 1082 3169 l.
1095 3132 1122 3186 p.
1137 3115 1195 3170 103.

326 3198 346 3264 ²)
365 3200 381 3253 l.
395 3198 412 3256 l.
425 3217 451 3269 p.
465 3199 507 3253 65.

325 3285 345 3354 ³)
366 3284 565 3341 Wannowslri:
592 3284 749 3355 Syntaxeos
777 3284 923 3342 anomalae
947 3285 1120 3344 Graecorum
1143 3306 1209 3359 pars
1234 3289 1301 3343 1835
1325 3308 1352 3360 p.
1370 3290 1428 3346 239.

239 3372 358 3427 Ktlhner
380 3370 397 3427 l.
416 3371 432 3426 l.
449 3390 476 3443 p.
493 3372 552 3428 358,
590 3369 646 3428 Sed
670 3376 764 3427 tamen
792 3372 911 3427 verbum
934 3374 1077 3444 ἐπιτάσσω,
1105 3374 1180 3446 quod
1203 3376 1296 3445 ipsum
1319 3393 1429 3448 quoque

239 3459 362 3529 affertur,
382 3463 507 3513 amotum
527 3458 619 3529 velim,
638 3462 737 3529 utpote
756 3457 831 3530 quod
849 3458 967 3515 verbum
986 3461 1169 3533 compositum
1189 3462 1233 3517 sit.

324 3545 346 3617 ⁴)
365 3545 406 3601 De
425 3544 521 3601 dativo
541 3546 605 3620 αὐτῇ
623 3544 709 3617 Soph.
723 3544 764 3601 El.
778 3545 830 3600 299
848 3563 889 3617 sq.
908 3546 969 3617 (σύν
991 3551 1016 3600 tl
1038 3546 1172 3622 ἐποτρύνει
1196 3552 1277 3609 πέλας
1300 3550 1430 3610 ὃκλεῖνος

238 3632 303 3707 αὐτῇ
320 3635 410 3688 ταῦτα
429 3639 546 3702 ννμρύος
568 3632 672 3707 παρών)
692 3631 814 3687 dubitari
833 3632 905 3703 licet,
924 3652 989 3688 num
1009 3652 1024 3689 e
1043 3633 1131 3690 verbo
1149 3635 1281 3710 ἐποτρύνει
1299 3635 1429 3707 pendeat.

323 3718 344 3788 ⁶)
363 3717 402 3774 Of.
416 3717 600 3789 Grillparzer:
619 3718 724 3774 Tristia
743 3737 778 3774 ex
795 3718 886 3776 Ponto
906 3723 929 3776 1.
947 3720 1031 3791 ,Bosa
1049 3719 1157 3776 Stunde
1175 3738 1202 3775 v.
1216 3724 1239 3777 1.

322 3805 345 3873 ⁰)
367 3805 430 3861 Huc
442 3803 594 3877 'pertinent
616 3811 773 3878 γεγονέναι,
795 3811 907 3877 κέλομαι
930 3806 976 3877 (de
994 3807 1110 3862 Homeri
1128 3831 1144 3878 ρ
1161 3808 1213 3861 555
1237 3807 1302 3863 vide
1319 3808 1428 3865 Haeus-

238 3891 339 3947 lerum:
358 3891 399 3948 De
418 3892 592 3963 proprietate
612 3889 733 3963 quadam
752 3891 916 3949 elocutionis
934 3892 1107 3961 Aeschyleae
1127 3894 1194 3949 1889
1212 3912 1239 3965 p.
1253 3895 1297 3964 17)
1317 3897 1428 3964 ὠφελεῖν

238 3978 302 4047 (τινι
320 3978 398 4034 velut
416 3977 517 4034 Aesch.
531 3977 609 4034 Pers.
621 3978 673 4033 842
692 3977 777 4049 Soph.
790 3977 857 4033 Ant.
871 3980 923 4034 460
940 3979 1006 4035 Eur.
1019 3979 1101 4035 Herc.
1115 3979 1133 4035 f.
1146 3981 1197 4035 499
1215 3981 1261 4050 al.)
1280 3979 1315 4037 al.

325 4063 347 4133 ⁷)
368 4063 500 4120 Walther
517 4064 534 4120 l.
547 4063 564 4120 l.
577 4083 603 4137 p.
617 4064 660 4121 51.
696 4063 851 4120 Delbrticlr:
871 4065 1024 4122 Gruudriss
1043 4084 1070 4138 p.
1082 4067 1142 4123 315.

324 4150 346 4220 8)
365 4148 515 4207 Genitivus
535 4158 594 4219 βίον
611 4150 678 4206 Eur.
699 4149 756 4205 Jon
770 4151 838 4206 1376
864 4158 910 4208 καί
927 4174 953 4207 τι
975 4154 1124 4226 τερφθῆναι
1145 4160 1205 4221 βίοι
1227 4171 1242 4210 e
1261 4155 1425 4225 pronomine

237 4259 262 4291 ιι
279 4235 403 4307 pendere
422 4235 542 4292 videtur.

1625 4125 1643 4156 Ο
