3300 5059
748 353 964 414 „16-

257 540 379 618 Quodsi
407 563 478 605 cum
513 539 583 606 eliis
612 543 868 607 coniecturarum
878 541 899 625 1)
927 545 1012 607 viam
1034 542 1159 628 ingredi
1180 543 1337 627 nolumus,
1373 567 1450 609 num

258 666 370 709 eorum
385 645 524 708 virorum
548 644 714 709 doctorum
722 645 745 729 2)
769 652 879 729 partes
895 648 987 729 sequi
1004 668 1062 710 nos
1079 653 1214 731 oportet,
1238 649 1293 731 qui
1308 647 1451 713 iudicant

162 736 166 740 ²
256 750 424 832 participio
452 750 568 835 παρείς
591 748 653 813 hoc
679 749 750 813 loco
773 770 903 814 sensum
924 750 1014 814 verbi
1043 750 1175 835 ἀμελεῖν
1201 751 1313 834 audiri,
1342 773 1359 815 e
1386 775 1449 837 quo

257 854 416 937 genitivus
438 852 598 936 pendeat?
642 852 742 937 Atqui
770 854 797 917 si
823 852 905 916 haec
927 853 1029 937 sola³)
1059 856 1163 921 versio
1190 854 1328 939 quadret
1357 856 1450 941 „weil

257 979 292 1021 er
315 956 376 1020 den
398 959 559 1043 mtissigen
576 956 669 1041 (Teil)
686 957 799 1042 gering
814 957 953 1041 achtet“,
976 979 1054 1021 num
1069 960 1198 1022 omnino
1215 958 1284 1023 fieri
1299 962 1449 1045 potuerit,

258 1062 476 1144 quaerendum
500 1068 557 1143 est,
580 1067 616 1123 ut
639 1083 678 1123 ex
692 1059 754 1124 hac
777 1057 1090 1125 notione'structura
1112 1063 1283 1127 verborum
1308 1061 1449 1149 ἀμελεῖν,

258 1177 483 1252 καταφρονεῖν
505 1166 574 1229 sim.
598 1163 696 1230 verbo
723 1167 877 1251 παριέναι
900 1164 1026 1230 adnexa
1048 1168 1098 1231 sit.
1143 1167 1245 1231 Immo
1273 1167 1354 1232 haec
1379 1170 1450 1252 ipsa

256 1269 357 1334 verba
379 1268 512 1333 diversis
537 1268 577 1332 de
600 1270 706 1333 causis
729 1271 904 1353 genitivum
927 1267 1097 1335 asciscunt.
1148 1270 1263 1355 Itaque
1291 1295 1374 1357 nego
1397 1295 1448 1336 me

256 1394 390 1457 peccare
406 1378 611 1455 statuentem,
628 1379 695 1437 tum
712 1372 840 1438 demum
857 1396 895 1437 ex
912 1374 1062 1459 analogia
1076 1374 1166 1439 verbi
1182 1375 1348 1440 cuiusdam
1362 1376 1447 1441 idem

256 1476 465 1561 significantis
489 1476 626 1540 alterum
647 1477 781 1541 verbum
810 1484 1026 1542 constructum
1054 1500 1133 1562 esse,
1163 1478 1274 1544 eedem
1302 1481 1329 1544 si
1352 1502 1448 1545 cause

257 1581 367 1645 subest
382 1579 565 1661 struendi4).
596 1578 694 1645 Verbi
710 1587 817 1645 autem
833 1584 986 1668 παριέναι
1001 1590 1117 1647 natura
1133 1583 1226 1647 aliter
1240 1583 1446 1669 intelligenda

258 1693 308 1749 est
331 1693 426 1769 atque
446 1682 512 1767 illa,
537 1706 619 1768 quae
634 1684 730 1749 modo
747 1685 848 1749 attuli.
880 1684 1104 1769 Comparanda
1131 1689 1214 1751 enim
1237 1694 1312 1752 sunt
1334 1688 1449 1751 similia

255 1790 355 1854 verba
383 1791 560 1873 composita
586 1789 782 1873 pedcc'uat⁵)‚
810 1788 987 1874 έφιέναιῧ),
1009 1790 1091 1875 (ἐξ)
1114 1791 1286 1875 derived),
1309 1813 1392 1875 quae
1420 1793 1446 1854 si

255 1893 457 1957 intransitive
485 1893 646 1963 dicuntur.
683 1896 858 1977 genitivum
892 1894 1039 1978 ablativi,
1073 1906 1109 1959 ut
1140 1895 1279 1977 videtur,
1313 1917 1446 1959 munere

255 1996 435 2080 praeditum
462 1997 635 2081 postulant.
686 1991 782 2061 Satis
806 1997 910 2062 habeo
945 1999 1025 2063 haec
1051 1999 1184 2064 Homeri
1210 1998 1357 2083 exempla
1391 2022 1444 2063 ex-

255 2100 395 2165 scribere
408 2105 439 2168 Α
454 2104 517 2166 283
532 2101 652 2188 Ἀχιλῆι
667 2100 809 2186 μεθέμεν
823 2101 927 2187 χόλον
938 2111 969 2166 et
986 2128 1010 2185 φ
1023 2106 1063 2168 37
1068 2108 1084 2167 7
1099 2125 1146 2186 sq.
1159 2103 1275 2189 μέθιεν
1288 2109 1446 2189 χαλεποῖο

255 2205 369 2291 χόλοιο
400 2205 588 2292 Τηλεμάχῳ.
636 2204 751 2288 ltaque
777 2206 811 2269 in
840 2228 981 2270 errorem
1015 2229 1081 2271 non
1113 2197 1288 2291 rapiemur,
1322 2208 1444 2272 etiamsi

255 2310 318 2374 loci
339 2311 552 2391 inveniantur,
576 2309 631 2373 ubi
646 2310 733 2373 notio
754 2308 844 2372 verbi
862 2309 994 2394 α’μελεῖν
1008 2312 1041 2373 in
1056 2310 1156 2374 verbo
1170 2311 1321 2396 μεθιέναι
1336 2312 1443 2393 lateat,

255 2414 445 2497 praesertim
474 2435 545 2478 curu
574 2412 685 2478 eadem
714 2413 904 2498 significatio
932 2414 1143 2500 intelligatur,
1167 2415 1221 2479 ubi
1246 2418 1442 2481 accusativus

255 2517 359 2582 verbo⁴
388 2513 540 2603 μεθιέναι
576 2517 719 2582 adnexus
758 2526 815 2581 est.
873 2516 1033 2604 Compara
1067 2541 1185 2603 quaeso
1220 2524 1249 2585 Λ
1284 2523 1343 2584 841
1378 2530 1443 2583 σεῖο

255 2621 390 2709 μεθήσω
418 2621 618 2707 τειρομένοιο
645 2613 766 2685 Herod.
787 2613 833 2687 IX
861 2625 902 2687 33
930 2627 1141 2710 Σπαρτιῆται
1170 2624 1206 2688 δὲ
1232 2627 1352 2709 πρῶτα
1384 2623 1445 2707 μὲν

257 2725 459 2802 ἀκούσαντες
483 2726 573 2791 δεινοὶ
599 2725 769 2792 ἐποιεῦντο
796 2729 852 2791 καὶ
874 2731 1026 2811 μετίεσαν
1050 2732 1107 2814 τῆς
1128 2726 1351 2814 χρησμοσύνης
1373 2748 1444 2790 cum

256 2830 319 2893 hoc
342 2823 511 2913 Sophoclis
533 2828 582 2892 El.
600 2832 661 2894 872
683 2825 727 2894 ’τὸ
755 2829 892 2915 κόσμιον
914 2835 1091 2915 μεθεῖσαθ).
1137 2829 1312 2916 Sophocles
1336 2831 1443 2913 igitur,

256 2940 292 2997 ut
315 2956 397 3018 quae
425 2925 557 3017 exposui
583 2935 692 3016 paucis
722 2934 1008 3018 comprehendam,
1035 2955 1108 2999 curn
1131 2935 1304 3018 genitivum
1328 2936 1445 3018 posuit,

342 3174 362 3243 1)
381 3172 468 3229 Velut
486 3172 628 3229 Nauckius
647 3192 662 3229 e
682 3174 852 3230 scholiastae
871 3174 906 3230 ad
925 3194 950 3230 v.
971 3176 1039 3230 1220
1062 3176 1228 3248 paraphrasi
1252 3177 1266 3229 ὁ
1282 3180 1446 3231 πλεονεκτεῖν

255 3265 354 3316 ἐθέλων
374 3260 448 3333 παρα
467 3260 497 3316 τὸ
514 3268 619 3331 καίριον
640 3264 687 3315 καὶ
704 3260 734 3317 τὸ
757 3267 866 3334 μέτριον
883 3279 1017 3332 perverse
1036 3263 1154 3317 coniecit
1175 3264 1219 3318 τοῖν
1241 3270 1349 3335 μετρίου
1370 3267 1445 3334 πέρα.

341 3347 361 3415 ²)
381 3345 420 3404 Cf.
439 3346 560 3402 Dindori
574 3346 611 3401 ad
628 3346 655 3403 h.
668 3346 685 3401 l.
705 3348 808 3403 Struve
827 3348 844 3402 l.
858 3348 874 3401 l.
893 3366 920 3419 p.
930 3348 970 3404 27.

340 3434 361 3505 ³)
380 3434 438 3489 Aut
462 3433 692 3489 consentiendum
718 3439 762 3489 est
782 3434 925 3490 Ellendtio
947 3434 1082 3490 iudicanti
1100 3435 1117 3491 l.
1137 3435 1153 3491 l.
1172 3454 1199 3508 p.
1212 3436 1264 3490 606
1287 3440 1445 3505 „utcunque

257 3521 423 3593 explicueris
442 3520 538 3576 durior
556 3521 713 3575 sententiae
732 3522 804 3577 ratio
824 3522 903 3580 erit.“

341 3608 364 3678 ⁴)
383 3609 478 3679 Atque
496 3603 549 3663 hoc
563 3606 674 3678 quidem
688 3612 887 3679 argumentum
902 3608 1086 3679 premendum
1099 3614 1143 3664 est
1155 3610 1240 3663 etiam
1253 3613 1338 3680 etque
1352 3607 1446 3662 etiam.

342 3695 364 3764 5)
383 3692 455 3750 Cin
473 3694 532 3762 234,
550 3694 609 3757 240,
629 3718 648 3764 η
668 3695 718 3749 126
736 3696 785 3765 al.;
803 3696 941 3766 imprimis
960 3695 1031 3751 haec
1049 3695 1133 3751 laudo
1152 3695 1281 3767 exempla
1292 3693 1446 3765 Euripiden

255 3781 339 3854 Hipp.
353 3782 404 3835 333
422 3781 510 3843 δεξιᾶς
527 3782 546 3837 τ’
566 3782 630 3852 ἐμῆς
647 3786 729 3854 μέθες
747 3780 794 3837 Or.
809 3782 859 3837 170
877 3800 937 3854 sqq.
956 3784 1003 3838 οὐκ
1027 3784 1070 3837 ἀπ’
1090 3788 1171 3838 οἴκων
1194 3782 1278 3836 πάλιν
1297 3782 1349 3854 ἄρα
1367 3789 1445 3852 μεθε-

255 3891 325 3940 Wa
342 3870 785 4026 iiidivniriioiodiihrideur
804 3956 863 4014 156,
882 3956 909 4010 u
929 3956 977 4010 121
997 3959 1022 4020 ο,
1041 3956 1135 4011 11152
1153 3955 1188 4010 ar.

343 4041 364 4111 7)
383 4040 422 4098 Cf.
435 4041 500 4097 Eur.
513 4041 597 4113 Hipp.
610 4042 662 4097 285
685 4042 758 4097 Med.
773 4043 824 4096 455
843 4042 927 4099 Thuc.
948 4042 974 4097 V
993 4043 1053 4110 324
1071 4042 1126 4097 VH
1144 4044 1190 4106 43;
1213 4042 1279 4098 Eur.
1297 4042 1382 4114 Hipp.
1394 4041 1444 4096 900

256 4133 394 4191 έξανιέναι.

342 4216 363 4285 ⁸)
382 4214 422 4271 Cf.
431 4214 518 4288 Soph.
530 4216 561 4273 Ο.
571 4215 604 4273 R.
614 4217 666 4272 688
674 4216 774 4289 τούμὸν
785 4224 890 4291 παριείς
901 4216 968 4272 Eur.
977 4217 1060 4272 Herc.
1069 4216 1120 4274 fur.
1131 4218 1182 4271 774
1195 4216 1281 4288 νέμον
1298 4221 1447 4291 παρέμενος

255 4300 341 4377 Soph.
355 4303 387 4359 Ο,
401 4301 429 4361 C.
444 4304 511 4358 1537
530 4303 563 4359 τιὶ
582 4305 639 4359 θεῖ’
651 4306 730 4375 ἀηειῖς
746 4327 786 4366 τις
804 4303 848 4374 (cf.
861 4303 928 4359 ibid.
939 4305 994 4359 914
1013 4304 1076 4376 sq).
