3300 5059
756 360 956 422 .σ..Ἰ

251 558 282 615 et
310 554 341 616 Ε
366 552 428 613 219
456 570 502 632 sq.
530 551 609 634 πρίν
639 547 667 632 γ’
696 548 749 614 ε’τιὶ
776 548 822 613 vn*
855 548 932 633 τῷδ’
968 548 1066 634 ἀνδρὶ
1094 569 1114 613 .·
1126 602 1259 614 .....
1288 549 1439 636 ἀντιβίην

251 654 391 721 ἐλθόντε
413 653 474 718 σὺν
497 650 601 718 ἔντεσι
622 655 829 738 πειρηθῆναι.
874 651 1012 715 Tantum
1040 638 1133 715 abest
1160 659 1196 716 ut
1223 653 1371 717 fulciatur
1394 653 1443 716 his

251 759 404 844 exemplis
428 758 515 822 illius
539 759 653 841 opinio,
677 764 714 821 ut
736 780 774 820 ex
796 759 867 841 ipso
883 757 939 819 illo
955 757 1025 821 loco
1042 760 1073 823 A
1089 761 1149 821 277
1167 766 1322 841 appareat
1337 759 1443 842 potius

250 864 347 927 etiam
372 868 402 928 Φ
422 865 485 926 226
510 862 663 948 ἀντιβίην
686 861 889 926 abundanter
911 863 1088 925 sententiae
1114 861 1324 926 illustrandae
1347 884 1444 926 causa

251 968 341 1031 initio
368 968 567 1051 insequentis
595 986 708 1030 versus
736 964 882 1030 additum
911 987 994 1046 esse3
1030 988 1133 1050 neque
1161 964 1301 1030 dubitari
1328 972 1444 1051 potest,

251 1073 329 1156 quin
357 1071 459 1135 altero
485 1070 555 1134 loco
583 1075 615 1136 Ε
636 1073 698 1134 219
725 1069 921 1154 iungendum
950 1072 992 1133 sit
1020 1070 1172 1156 ἀντιβίην
1200 1070 1350 1136 ἐλθόντε.
1395 1070 1445 1133 An

249 1198 324 1239 cum
345 1174 518 1239 Kuehnero
527 1175 551 1258 1)
575 1181 607 1238 et
621 1173 823 1258 Waltheror)
848 1173 1042 1238 censendum
1066 1182 1115 1238 est
1138 1197 1154 1237 e
1177 1196 1262 1237 nova
1284 1173 1447 1261 pugnandi

253 1280 305 1343 vel
328 1278 501 1358 certandi⁸)
526 1280 656 1342 notione
673 1300 769 1362 quam
792 1278 1002 1343 subaudimus
1023 1278 1166 1342 dativum
1188 1277 1280 1342 illum
1294 1278 1447 1364 pendere,

254 1385 372 1468 quippe
395 1385 446 1447 cui
473 1384 615 1468 opinioni
636 1384 766 1449 faveant
792 1385 993 1469 aliquantum
1016 1384 1148 1448 Homeri
1174 1386 1231 1449 illa
1259 1384 1320 1450 cdv
1343 1382 1448 1449 ἔντεσι

250 1486 470 1575 sarepthena?
514 1486 673 1571 Equidem
701 1495 811 1552 contra
834 1486 1000 1551 nitendum
1026 1510 1097 1552 esse
1119 1510 1309 1572 persuasum
1331 1485 1446 1567 habeo,

254 1592 340 1676 quod
363 1615 402 1656 ea
423 1594 493 1678 ipsa
515 1614 598 1676 quae
621 1593 716 1656 simul
738 1591 901 1656 audienda
928 1601 976 1657 est
998 1595 1085 1657 notio
1109 1593 1188 1657 alias
1213 1592 1355 1657 dativum
1383 1612 1447 1655 non

252 1695 386 1780 flagitat,
412 1695 467 1759 sed
490 1698 665 1780 genitivum
689 1695 858 1760 admittere
881 1696 1004 1778 solet4).
1045 1697 1152 1782 Atque
1175 1697 1347 1781 plurimum
1371 1715 1447 1760 oon·

253 1797 340 1862 ducit
367 1799 510 1862 conferre
537 1798 618 1863 haec
650 1801 738 1863 Τ7Ο
760 1820 807 1882 sq.
838 1798 914 1885 ὄφρ’
943 1798 992 1866 ἔτι
1015 1803 1071 1866 καὶ
1104 1800 1228 1886 Τρώων
1254 1798 1447 1886 πειρήσομαι

247 1902 368 1983 α’ντίσς
390 1902 512 1984 ἐλθών,
541 1903 577 1967 αἲ
603 1902 634 1967 κ’
661 1902 800 1968 tde‘loro’
829 1903 882 1968 ἐπὶ
908 1905 1023 1990 νηυσὶν
1044 1903 1172 1984 ἰαύειν,
1201 1902 1285 1967 unde
1312 1902 1447 1967 efficitur

252 2005 396 2070 dativum
416 2003 551 2091 Ἕκτορι
579 2006 634 2069 illo
661 2006 734 2069 loco
768 2008 896 2070 minime
924 2028 941 2070 e
968 2008 1039 2071 sola
1066 2006 1210 2071 certandi
1236 2008 1364 2072 notione
1391 2028 1445 2069 ex-

250 2109 436 2194 plicandum
463 2131 543 2174 esse.
588 2109 702 2193 ltaque
731 2113 863 2198 propius
889 2110 931 2174 ad
965 2114 1131 2174 veritatem
1165 2112 1339 2175 accessisse
1367 2110 1445 2172 mihi

251 2212 377 2277 videtur
404 2213 634 2297 Kruegerusq
669 2215 723 2298 qui
756 2214 924 2298 vulgarem
957 2214 1047 2279 verbi
1072 2218 1250 2301 πειρᾶσθαι
1283 2216 1446 2280 notionem

250 2339 381 2382 servans
404 2318 550 2381 verterit:
576 2317 643 2381 sich
665 2319 724 2381 mit
739 2316 860 2383 Hector
882 2318 1069 2383 versuchen.
1103 2317 1196 2395 Quod
1220 2340 1294 2382 vero
1317 2319 1366 2381 vir
1388 2318 1442 2381 ille

250 2420 452 2486 doctissimus
480 2429 646 2507 comparat
672 2420 804 2486 Homeri
840 2447 860 2506 γ
882 2426 923 2487 23
950 2422 1085 2508 μύθοισι
1111 2425 1335 2509 πεπείρημαιῦ)
1369 2422 1389 2487 i.
1413 2444 1440 2484 e.

247 2526 300 2588 ich
327 2525 412 2589 habe
439 2526 523 2589 mich
551 2528 618 2599 mit,
646 2528 679 2590 in
702 2526 839 2591 Worten
866 2528 1028 2605 versuoht,
1057 2527 1118 2591 hoc
1145 2526 1267 2590 scilicet
1294 2526 1440 2609 exemplo

245 2651 359 2693 omnes
376 2628 593 2695 dubitationes
608 2630 848 2714 praeciduntur,
873 2632 998 2694 etiamsi
1019 2630 1113 2695 aliter
1129 2629 1169 2694 de
1185 2629 1291 2694 dativo
1301 2628 1438 2714 Ἕκτορι,

247 2733 341 2796 aliter
369 2731 408 2796 de
435 2733 570 2818 μύθοισι
597 2734 804 2799 iudicandum
832 2756 902 2798 esse
929 2733 1083 2799 videatur.
1136 2734 1219 2799 Nam
1248 2754 1440 2819 quamquam

245 2837 343 2900 facile
378 2837 528 2921 concedo,
564 2860 657 2902 casus
685 2838 798 2903 localis
833 2840 995 2903 notionem
1026 2840 1212 2923 saepissime
1238 2859 1298 2922 pro
1323 2839 1442 2901 instru-

245 2941 380 3005 mentali
408 2941 614 3007 substitutam
622 2943 646 3028 ⁷)
675 2964 755 3025 esse,
784 2945 832 3006 ita
853 2949 890 3006 ut
912 2964 1152 3027 nonnumquam
1175 2941 1315 3006 dubitari
1337 2942 1441 3022 liceat,

337 3132 346 3163 ¹
386 3130 567 3187 Griechische
587 3128 785 3187 Grammatik²
802 3131 839 3188 II.
859 3134 883 3186 1.
919 3118 1051 3202 (Syntax)
1071 3132 1138 3187 1870
1156 3151 1183 3203 p.
1196 3133 1256 3187 356.

336 3218 347 3250 ²
386 3217 428 3272 De
446 3217 535 3272 dativi
553 3218 775 3273 instrumentalis
794 3236 847 3273 usu
865 3218 1008 3273 homerico
1027 3219 1095 3272 1874
1113 3237 1139 3289 p.
1154 3220 1195 3273 19.

337 3304 358 3375 ³)
388 3302 476 3369 Quem
496 3305 656 3360 versionem
674 3303 877 3359 Delbrueckius
896 3308 925 3359 et
945 3306 1006 3375 ipse
1025 3304 1133 3374 probat,
1154 3307 1234 3376 quasi
1257 3322 1291 3359 ea
1313 3305 1374 3358 sola
1397 3303 1445 3357 da·

245 3393 323 3446 tivus
356 3395 519 3446 excusetur:
551 3390 734 3462 Grundlagen
765 3391 815 3445 der
844 3390 1040 3461 griechischen
1067 3389 1175 3462 Syntax
1205 3411 1230 3462 p.
1244 3392 1278 3444 59
1306 3389 1445 3462 (Syntact.

243 3477 360 3534 Forsch.
374 3477 415 3532 IV
435 3477 551 3547 187819).

334 3565 356 3636 ⁴)
384 3562 423 3620 Of.
437 3575 461 3618 Υ
475 3565 526 3618 352
545 3563 579 3620 al.

329 3651 351 3722 ⁵)
379 3649 490 3707 Griech.
510 3650 698 3723 Sprachlehre
721 3651 750 3705 ll
773 3647 794 3725 ξ
817 3652 860 3719 47,
885 3651 926 3719 12,
951 3652 968 3705 6
1002 3651 1046 3722 (cf.
1064 3651 1216 3707 Matthiae:
1243 3652 1442 3707 Ausffihrliche

242 3739 349 3811 griech.
364 3738 541 3793 Grammatik
565 3738 656 3792 18353
673 3735 778 3813 ξ404).
818 3735 984 3805 Temptandi
1009 3757 1076 3794 vero
1108 3740 1251 3794 notionem
1274 3738 1440 3794 mittendam

243 3844 298 3881 non
318 3843 390 3895 esse,
411 3824 521 3880 elucere
539 3830 608 3895 puto
628 3842 643 3880 e
662 3825 803 3879 sententia
822 3842 894 3895 quae
916 3825 1044 3895 sequitur
1061 3826 1267 3897 interrogativa
1286 3826 1300 3894 ἦ
1318 3849 1388 3882 κεν.
1410 3867 1415 3879 .
1439 3866 1444 3877 .

329 3911 350 3982 ⁶)
379 3910 556 3967 Structorem
574 3911 662 3967 solam
681 3911 835 3966 innovavit
853 3916 939 3981 poeta
956 3910 1010 3966 hoc
1029 3928 1139 3982 quoquo
1158 3911 1219 3967 loco
1233 3922 1262 3966 ψ
1271 3912 1324 3967 670
1342 3930 1444 3984 sq...

241 4009 270 4057 tv
292 3997 418 4053 ndvrreu’
444 4002 544 4071 ἔργοισι
568 3998 690 4070 δαήμονα
714 3997 790 4068 ‘peirn
814 4004 953 4068 γενέσθαι.
992 3997 1125 4053 Fortasse
1148 3997 1203 4053 huc
1226 4003 1336 4070 spectat
1359 4000 1443 4054 etiam

240 4096 261 4139 0
281 4085 333 4138 282
352 4102 393 4156 sq.

331 4171 352 4242 7)
383 4170 422 4226 of.
436 4171 582 4228 Denecke:
609 4172 652 4227 De
679 4173 708 4227 vi
735 4176 821 4243 atque
848 4190 901 4227 usu
928 4170 1018 4226 dativi
1044 4172 1141 4227 localis
1170 4179 1199 4228 et
1222 4172 1385 4243 temporalis
1414 4173 1442 4226 in

244 4257 362 4314 Homeri
389 4260 559 4315 carminibus
585 4260 652 4314 1885
680 4277 707 4331 p.
726 4277 752 4331 p.
767 4261 806 4313 19.
825 4260 867 4314 27.
911 4257 973 4323 Qua
996 4259 1108 4314 licentia
1131 4261 1300 4331 tragicorum
1331 4277 1442 4331 quoque

242 4363 338 4401 sermo
359 4345 490 4403 abundat.
