3300 5059
723 362 969 466 4137

189 553 197 605 -'·
237 532 308 619 sltio
336 552 419 637 ἔπίῐ)
455 553 565 644 addita
580 560 641 618 est
669 552 710 616 ad
737 554 901 622 notionem
932 551 1028 616 dativi
1062 552 1199 617 modalis
1226 552 1428 637 firmandam,

183 689 186 694 ¹
237 657 326 721 velut
347 657 465 724 Aesch.
490 655 576 742 Sept.
601 659 664 722 780
687 678 756 741 sqq.
783 656 832 722 ἔπ’
862 656 955 741 ἄλγει
979 658 1157 741 δυσφορῶν
1181 710 1187 721 .
1214 709 1219 720 .
1246 710 1252 722 .
1278 708 1284 720 .
1311 658 1431 742 δίδυμα

239 760 316 826 κάκ’
340 761 486 827 ἐτέλεσεν
513 763 568 846 (sc.
593 760 746 845 Oedipus)
771 761 932 825 Ps.-Dem.
957 759 1065 824 LVIII
1089 762 1129 825 55
1158 759 1213 826 ἵνα
1239 761 1284 848 μὴ
1313 762 1432 848 δοκῆτε

239 865 340 931 αὐτοί
348 865 463 950 πράσις
479 865 532 931 ἐπὶ
544 880 613 939 τοῖς
630 866 834 950 γιγνομένοις
846 866 966 950 φέρειν.
990 864 1039 928 Ne
1051 864 1132 928 haec
1144 864 1273 949 quidem
1286 864 1432 948 exempla

238 968 354 1033 afferre
370 968 491 1034 taedet:
515 969 632 1033 Aesch.
645 970 732 1033 Pers.
750 971 833 1034 1030
852 971 980 1035 πέπλον
1004 967 1032 1033 d
1049 968 1197 1056 ἐπέρρηξ’
1211 969 1263 1034 ἐπὶ
1278 972 1430 1059 συμφορᾷ

237 1072 280 1139 id.
293 1071 404 1157 Suppl.
420 1076 480 1137 591
500 1076 679 1158 κεκλοίμαν
700 1072 848 1158 εὐλόγως
871 1072 920 1139 ἔπ’
942 1071 1049 1159 ἔργοις
1069 1072 1145 1141 ibid.
1162 1075 1243 1138 1037
1260 1094 1306 1155 sq.
1326 1075 1430 1139 τίεται

241 1231 246 1243 ,
264 1230 270 1241 .
288 1230 294 1243 .
312 1230 319 1242 .
337 1176 444 1263 ἔργοις
467 1177 519 1242 ἐπὶ
543 1191 671 1262 σεμνοῖς
692 1176 769 1244 Eur.
784 1176 833 1241 El.
853 1179 936 1242 1030
959 1199 1007 1262 sq.
1022 1167 1084 1242 ’ἐπὶ
1114 1177 1223 1242 τοῖσδε
1239 1229 1245 1242 .
1264 1231 1270 1243 .
1287 1228 1295 1243 .
1311 1176 1443 1264 ἠγριω-Ι

238 1283 320 1368 μένη
345 1280 629 1365 id.frgm.814,a
653 1287 855 1363 φθονεῖσθαι
883 1334 889 1347 .
920 1335 926 1346 .
956 1335 962 1346 .
992 1280 1042 1346 ἐπ’
1073 1280 1205 1357 ἐσθλοῖς
1231 1279 1430 1345 Chaeremon

237 1384 330 1469 frgm.
344 1387 384 1449 37
402 1384 466 1469 (Ν.)
484 1385 536 1451 ἐπὶ
552 1399 714 1471 σμικροῖσι
729 1390 880 1451 λυπεῖται
896 1384 948 1469 (cf.
964 1384 1084 1468 Adesp.
1099 1387 1172 1462 448,
1189 1389 1203 1448 1
1219 1388 1431 1471 θερμαίνεται

238 1497 271 1553 et
286 1488 383 1573 Soph.
397 1488 471 1554 Ant.
485 1491 526 1554 88
544 1489 671 1575 θερμὴν
686 1489 739 1555 ἐπὶ
754 1503 908 1574 ψυχροῖσι
925 1490 1068 1574 καρδίαν
1085 1485 1188 1572 ἔχεις).
1223 1487 1321 1573 Soph.
1334 1489 1428 1572 frgm.

239 1595 302 1657 840
329 1595 456 1677 χαίρειν
483 1591 532 1658 ἐπ’
561 1645 567 1658 .
592 1645 598 1657 .
623 1645 630 1658 .
654 1591 802 1679 ἡδοναῖς,
831 1592 872 1657 al.
926 1592 1137 1676 Perspicuum
1168 1599 1275 1656 autem
1308 1604 1357 1656 est
1390 1615 1430 1656 ne

238 1695 338 1760 verba
365 1695 492 1779 quidem
530 1697 672 1782 βαρέως,
713 1699 866 1781 χαλεπῶς
904 1698 1016 1781 φέρειν
1042 1696 1161 1759 idcirco
1195 1694 1339 1760 dativum
1373 1696 1430 1760 ad-

238 1802 373 1878 mittere,
391 1799 477 1883 quod
487 1799 681 1884 peculiarem
697 1799 962 1885 significationem
979 1799 1187 1863 succensendi
1203 1802 1428 1884 continuans),

240 1924 319 1985 quae
335 1903 458 1968 scilicet
472 1902 633 1968 adverbiis
649 1905 786 1988 βαρέως,
809 1906 961 1987 χαλεπῶς
983 1904 1112 1985 nitatur,
1136 1903 1193 1967 sed
1210 1905 1288 1987 quia
1301 1906 1429 1968 omnino

238 2005 336 2071 verba
359 2007 532 2072 affectuum
558 2014 688 2092 praeter
710 2008 928 2072 accusativum
951 2006 1092 2075 dativum
1116 2028 1242 2092 quoque
1267 2007 1429 2073 modalem

238 2109 298 2174 sibi
321 2111 482 2176 vindicare
505 2111 652 2197 solent-¹³).

325 2214 457 2280 Summa
493 2237 569 2281 vero
602 2214 811 2299 inauditaque
847 2215 976 2280 licentia
1011 2215 1185 2300 Sophocles
1223 2237 1296 2279 oum
1330 2214 1428 2279 verbo

238 2317 375 2386 ἔδεσθαι
396 2322 571 2405 genitivum
594 2322 736 2384 iunxisse
755 2320 882 2384 videtur
902 2319 984 2383 Phil.
998 2324 1059 2385 715
1085 2319 1120 2393 ὃς
1147 2322 1203 2404 (sc.
1221 2319 1427 2401 Philoctetes)

238 2425 313 2513 pud
336 2423 511 2509 οίνοχύτου
532 2423 691 2509 πώματος
712 2421 800 2511 ἥσθη
824 2424 947 2489 δεκέτει
969 2425 1091 2509 χρόνῳ,
1115 2446 1178 2508 qua
1206 2423 1245 2488 de
1268 2430 1429 2488 structura

239 2531 415 2593 sententiae
454 2530 594 2592 virorum
629 2528 795 2592 doctorum
834 2527 963 2591 distant.
1019 2527 1084 2591 Alii
1123 2529 1207 2591 enim
1240 2549 1429 2611 persuasum

237 2631 359 2697 habent
391 2632 521 2697 verbum
551 2630 712 2719 ttdeotouj'
735 2631 822 2716 quod
855 2631 962 2696 verbis
995 2630 1122 2695 dolendi
1150 2633 1346 2696 contrarium
1379 2633 1429 2712 sit,

239 2758 277 2799 ex
316 2735 464 2821 analogia
500 2735 672 2800 verborum
712 2733 885 2799 affectuum
923 2757 996 2798 cum
1034 2736 1175 2819 genitivo
1214 2744 1430 2800 constructum

239 2841 350 2925 esse4).
396 2839 454 2904 Oui
477 2840 619 2924 opinioni
643 2839 760 2922 obstat,
784 2838 870 2923 quod
899 2839 1037 2903 causalis
1064 2841 1152 2903 notio
1180 2839 1241 2904 hoc
1263 2837 1446 2925 Sophoclis.

238 2945 306 3009 loco
329 2946 457 3008 minime
479 2945 597 3008 idonea
619 2951 669 3008 est
691 2943 733 3008 ad
756 2945 945 3008 sententiam
983 2966 1065 3027 quae
1087 2950 1290 3027 exspectatur
1325 2945 1429 3028 expri-

239 3048 397 3114 mendam.
435 3048 543 3133 Atque
566 3047 607 3114 ob
630 3047 663 3111 id
686 3049 801 3134 ipsum,
825 3047 911 3132 quod
934 3055 1096 3112 structura
1113 3048 1215 3112 electa
1230 3055 1262 3112 et
1276 3049 1429 3113 inusitata

239 3161 302 3235 est,
336 3174 459 3217 summo
493 3154 562 3217 iure
589 3152 786 3237 poscendum
814 3160 877 3234 est,
909 3159 959 3234 ut,
987 3173 1083 3236 quam
1111 3154 1242 3237 genitivi
1269 3152 1430 3218 notionem

239 3256 342 3320 audiri
375 3265 481 3341 putes,
516 3257 578 3323 hoc
611 3256 681 3322 loco
716 3257 882 3343 aptissima
915 3258 957 3320 sit
988 3265 1045 3321 aut
1076 3258 1266 3321 necessaria.
1317 3256 1430 3341 Itaque

238 3361 374 3425 forsitan
401 3360 443 3425 ab
471 3363 516 3426 eis
543 3369 629 3425 stare
656 3360 766 3442 malls,
798 3362 853 3445 qui
879 3358 1021 3425 iudicant
1042 3360 1167 3425 fruendi
1192 3362 1355 3425 notionem
1378 3360 1430 3423 hic

325 3567 345 3639 ¹)
365 3564 404 3623 Cf.
424 3567 509 3639 Soph.
522 3568 567 3623 Αἱ,
580 3568 630 3621 377
649 3573 675 3623 τί
746 3609 752 3621 .
772 3568 880 3638 άλγοίης
898 3567 934 3621 ἐπ’
954 3569 1165 3640 ἐξειργασμένοις
1182 3565 1338 3621 10101333
1356 3567 1430 3638 ἀλγῶ

234 3656 276 3709 ’πὶ
294 3661 348 3715 τοῖς
366 3656 496 3727 παροῦσιν
513 3653 580 3709 ibid.
595 3654 662 3709 1298
681 3654 715 3714 ὥς
732 3654 768 3707 ἔπ’
789 3652 837 3726 dep
856 3654 955 3714 στέναζ’
976 3651 1042 3707 Eur.
1060 3652 1141 3725 frgm.
1153 3653 1241 3723 459‚2
1259 3655 1295 3722 tp?
1316 3660 1388 3708 οἷσι.
1404 3695 1428 3707 ..

239 3747 338 3797 στένειν
356 3741 401 3811 (cf.
412 3740 478 3797 Eur.
491 3740 575 3812 Hipp.
588 3741 651 3810 903)
678 3739 714 3796 id.
734 3740 785 3795 Ion
803 3739 855 3794 924
873 3740 959 3813 δάκρυ
977 3738 1113 3809 ἐκβάλλειν
1140 3739 1176 3797 id.
1195 3739 1277 3796 Herc.
1297 3740 1347 3796 fur,
1363 3740 1428 3793 1181

239 3829 275 3896 a?
296 3835 336 3889 οἷς
354 3829 525 3903 ιλακρνῤῥοεῖς
542 3827 578 3882 id.
598 3827 678 3899 frgm.
698 3827 757 3891 407,
777 3829 791 3879 1
812 3844 852 3897 sq.
872 3827 908 3881 ἐπ’
929 3832 1071 3900 οἶκτροῖσιν
1089 3827 1174 3898 δάκρυ
1192 3827 1302 3888 στάζειν.

324 3911 743 3982 2)01,Χοο.οοα1).13,3ιιΙ.

324 4001 346 4071 ³)
364 4001 490 4058 Eandem
513 4000 602 4057 dativi
620 4006 791 4056 structuram
810 4000 946 4056 exhibent
963 3999 1033 4054 haec
1051 3987 1163 4070 ¹quoque
1183 3998 1321 4070 exempla:
1342 4000 1428 4055 Thuc.

237 4086 276 4142 IV
297 4087 508 4161 85,3οαομάζω
527 4092 555 4144 δέ
573 4090 602 4162 τῇ
621 4110 646 4144 τε
666 4088 805 4156 άποκλήσει
824 4110 878 4159 μου
895 4088 947 4141 τῶν
966 4088 1056 4142 πολῶν
1075 4086 1140 4141 Eur.
1151 4086 1234 4157 Hipp.
1245 4086 1280 4142 20
1298 4087 1428 4142 τούτοισιν

239 4220 244 4231 .
265 4219 270 4230 .
290 4218 295 4230 .
316 4217 322 4230 .
340 4176 371 4230 οὗ
389 4178 493 4245 φθονῶ.

323 4264 344 4330 ⁴¹)
364 4261 403 4317 Cf.
416 4261 533 4320 Struve:
551 4263 593 4319 De
617 4263 738 4319 dictione
762 4262 909 4335 Sophoclis
936 4264 1003 4317 1854
1026 4281 1053 4333 p.
1066 4262 1116 4332 28,
1134 4260 1251 4315 Ktihner
1270 4260 1286 4316 l.
1300 4261 1316 4316 l.
1330 4279 1356 4332 p.
1369 4260 1428 4332 325,

238 4349 336 4405 Nauck
355 4349 391 4405 ad
409 4349 495 4421 Soph.
509 4349 551 4405 El.
566 4351 633 4404 1117
652 4356 724 4424 εἴπερ
742 4373 767 4405 τι
784 4354 883 4410 κλαίεις
900 4351 954 4404 τῶν
968 4350 1122 4425 ὀρεστείιον
1140 4348 1238 4405 κακῶν.
