3300 5059
654 316 911 464 .*‘·5l‘’
1019 393 1021 398 Ι

131 566 135 575 ’
218 558 347 647 Contra
362 559 448 624 idem
476 580 571 625 casus
597 562 647 626 his
673 562 779 626 verbis
802 563 930 628 innotus
960 572 1021 647 est,
1051 567 1196 648 quamvis
1224 568 1334 630 variae
1361 568 1406 629 eis

217 663 341 728 subsint
363 667 516 729 notiones
563 665 652 742 Quae
675 688 746 731 oum
767 668 814 730 ita
840 668 910 750 sint,
935 667 1187 733 concludendum
1210 676 1267 753 est,
1292 692 1408 734 novam

217 767 378 852 quandam
400 768 571 833 verborum
593 772 754 834 notionem
782 771 1039 856 investigandam
1065 795 1129 837 non
1156 795 1236 855 esse,
1264 796 1327 858 qua
1352 797 1406 838 ex-

216 873 354 957 plicetur
391 873 580 939 insolentior
618 874 718 939 dativi
757 882 927 939 structura.
983 876 1097 961 Itaque
1133 879 1198 941 iam
1231 876 1406 961 Friesiusl)

217 984 337 1040 rectam
358 977 590 1062 interpretandi
605 981 691 1042 viam
713 981 877 1064 ingressus
894 1000 964 1043 esse
972 980 1058 1044 mihi
1074 979 1207 1063 videtur,
1231 1002 1303 1045 oum
1317 983 1406 1065 ipsas

217 1102 349 1145 casuum
369 1083 515 1147 notiones
537 1082 716 1167 intelligere
744 1093 776 1147 et
803 1084 977 1167 explanare
1005 1086 1083 1149 satis
1105 1084 1227 1150 habuit.
1277 1085 1407 1151 Erravit

216 1193 322 1249 autem
346 1187 395 1249 vir
417 1184 627 1269 doctissimus,
658 1209 730 1251 cum
752 1194 922 1271 utramque
949 1196 1142 1253 structuram
1170 1190 1358 1254 insolentius
1386 1214 1406 1255 a

216 1288 356 1353 Pindaro
385 1289 446 1354 dici
473 1297 562 1355 ratus
590 1290 681 1355 illum
708 1292 897 1376 genitivum,
930 1294 985 1376 qui
1011 1291 1118 1357 verbis
1146 1292 1342 1376 directionis,
1370 1304 1406 1359 ut

215 1395 260 1457 ita
273 1392 385 1476 dicam,
403 1392 592 1477 adnectitur,
609 1394 865 1480 cognoscendum
878 1417 948 1460 esse
961 1398 1082 1460 statuit.
1116 1397 1217 1461 Immo
1230 1397 1405 1462 Pindarum

215 1498 366 1580 ψευδέων
394 1495 543 1579 ἅπτεται,
569 1505 605 1562 ut
631 1499 694 1562 hoc
719 1506 794 1565 utar
822 1500 982 1584 example,
1005 1503 1052 1564 ita
1074 1502 1215 1565 iunxisse
1239 1501 1344 1586 credo,
1368 1512 1405 1567 ut

215 1602 373 1684 genitivus
404 1602 520 1667 obiecti
546 1602 617 1667 loco
639 1604 743 1690 lesset.
792 1603 977 1668 Audaciora
1003 1627 1079 1668 vero
1102 1608 1271 1689 temptavit
1296 1614 1404 1691 poeta,

216 1726 285 1768 cum
312 1703 455 1770 dativum
482 1705 639 1789 adhibuit,
667 1706 753 1791 quod
779 1710 867 1772 notio
895 1707 994 1772 dativi
1022 1730 1095 1772 oum
1121 1709 1228 1773 verbis
1251 1711 1405 1795 tangendi

217 1808 311 1894 vulgo
335 1812 519 1874 consociata
540 1832 606 1874 non
629 1819 685 1875 est.
725 1810 817 1888 Quod
841 1813 868 1875 si
883 1812 935 1875 hic
957 1812 1083 1877 dativus
1107 1813 1262 1898 (intelligo
1285 1817 1403 1880 instru-

217 1912 417 1998 mentalem2)
446 1914 561 1979 obiecti
588 1914 657 1979 loco
680 1917 804 1999 positus
820 1917 891 1980 ¹non
908 1922 965 1995 est,
989 1915 1195 1981 statuendum
1217 1928 1265 1981 est
1287 1920 1320 1982 in
1344 1942 1404 1984 usu

215 2016 385 2082 verborum
412 2017 564 2103 tangendi
592 2027 784 2084 commutato
812 2019 955 2084 dativum
983 2022 1049 2085 niti.
1099 2021 1209 2085 Verba
1236 2025 1320 2086 enim
1346 2023 1403 2087 illa

214 2123 302 2187 velut
323 2124 523 2186 intransitive
540 2122 685 2187 abhibita
699 2123 778 2187 mihi
801 2146 873 2189 esse
888 2124 1048 2208 videntur,
1070 2125 1105 2189 id
1120 2125 1205 2208 quod
1220 2130 1403 2212 germanice

213 2227 399 2309 pronomine
421 2226 571 2291 reflexivo
595 2225 704 2292 addito
728 2230 862 2311 exprimi
885 2229 966 2293 solet
988 2229 1070 2310 (sich
1091 2229 1293 2312 beriihren3).

299 2328 390 2393 Idem
412 2328 617 2396 iudicandum
641 2336 690 2394 est
713 2330 753 2394 de
774 2331 874 2396 verbo
899 2335 1050 2416 νομίζειν,
1074 2335 1125 2397 cui
1140 2332 1323 2399 Herodotus
1346 2334 1401 2399 da-

211 2435 311 2498 tivum
333 2434 610 2498 instrumentalem
625 2433 787 2514 adnexuit,
805 2436 873 2499 sive
888 2437 957 2520 ipse
979 2438 1109 2501 novavit
1124 2440 1190 2501 sive
1206 2437 1293 2524 apud
1307 2438 1402 2503 lones

210 2540 271 2601 iam
295 2544 392 2602 antea
414 2539 495 2602 haec
516 2539 635 2603 locutio
651 2541 685 2602 in
700 2560 762 2603 usu
778 2546 856 2603 erat.
891 2539 1003 2622 Neque
1020 2543 1103 2604 enim
1119 2564 1136 2605 e
1151 2543 1277 2606 variata
1291 2542 1402 2607 utendi

209 2643 337 2706 notione
360 2648 541 2707 structurae
564 2645 649 2707 vices
666 2642 873 2728 exphcandas
890 2665 960 2708 esse
975 2645 1069 2709 facile
1092 2646 1257 2728 concedes,
1280 2648 1307 2710 si
1321 2647 1403 2712 haec

210 2747 356 2831 exempla
377 2756 484 2812 tecum
506 2751 714 2834 reputaveris
738 2748 793 2813 ubi
813 2748 925 2813 eadem
940 2750 1032 2814 verbi
1048 2755 1189 2836 νομίζειν
1211 2751 1401 2837 significatio

210 2850 290 2915 duas
318 2856 498 2916 structuras
525 2853 612 2916 tulit:
647 2851 766 2917 Herod.
786 2852 834 2916 IV
859 2857 918 2916 111
950 2859 1045 2938 φωνῇ
1070 2856 1105 2921 a·
1129 2854 1159 2920 οἱ
1182 2856 1402 2942 Σαυρομάται

210 2958 374 3040 νομίζουσι
397 2959 555 3039 Σκυθικῇ
577 2995 618 3001 -
641 2956 716 3020 ibid.
733 2956 823 3021 1142
843 2957 1015 3042 Ἀμμώνιοι
1038 3012 1117 3025 ....
1140 2961 1257 3047 φωνὴν
1278 2962 1403 3045 μεταξὺ

210 3059 411 3146 ἀμφοτέρων
445 3063 640 3144 νομίζοντες.
689 3059 811 3137 Quibus
847 3060 930 3126 addo
964 3062 1045 3126 haec
1079 3085 1206 3148 quoque
1240 3065 1399 3150 exempla:

208 3164 308 3228 Thuc.
324 3162 356 3227 Π
380 3167 464 3247 38,1
492 3163 597 3249 άγῶσι
622 3165 684 3249 μέν
712 3189 746 3249 γε
770 3167 826 3230 καὶ
854 3169 982 3239 θυσίαις
1010 3168 1178 3254 διετησίοις
1204 3172 1400 3254 νομίζοντες,

209 3268 305 3341 tutan
318 3269 354 3333 δὲ
367 3282 584 3342 κατασκευαῖς
596 3268 788 3354 εὐπρεπέσιν
799 3308 841 3315 -
853 3268 945 3332 Pind.
958 3270 1070 3334 Isthm.
1082 3271 1115 3335 Il
1128 3275 1168 3337 38
1181 3271 1402 3359 ἱπποτροφίας

210 3396 244 3437 τε
267 3375 411 3457 νομίζων
433 3372 470 3438 ἐν
491 3371 720 3438 Πανελλάνων
742 3372 845 3459 νόμω.

296 3611 316 3681 1)
335 3611 377 3667 De
397 3631 510 3670 casuum
530 3614 666 3686 singulari
685 3616 760 3688 apud
777 3614 930 3670 Pindarum
949 3634 1001 3671 usu
1022 3617 1089 3671 1866
1107 3636 1132 3689 p,
1147 3619 1189 3672 63.

294 3716 315 3786 2)
334 3716 412 3772 Idem
435 3716 493 3773 fere
516 3720 639 3775 sensisse
664 3719 777 3775 videtur
799 3719 924 3775 Friesius
943 3719 971 3788 (l.
986 3719 1020 3788 c.)
1043 3719 1168 3776 iudicans
1194 3721 1290 3778 dativo
1308 3724 1400 3779 notari

208 3803 299 3873 ipsam
319 3805 543 3860 coniunctionem
563 3824 635 3876 quae
654 3806 746 3862 studio
766 3805 935 3877 assequendi
953 3805 1052 3862 effecta
1070 3812 1121 3863 est.

294 3907 316 3975 ³)
335 3907 468 3978 Aeschyli
491 3909 579 3964 verba
597 3910 696 3981 Agam.
711 3910 762 3963 431
782 3928 822 3981 sq.
842 3909 928 3967 πολλά
952 3912 1018 3983 γοῦν
1042 3912 1169 3984 θιγγάνει
1192 3913 1257 3985 πρὸς
1277 3909 1346 3987 ἧπαρ
1364 3914 1401 3968 ad

207 3992 280 4048 hanc
300 3996 493 4064 quaestionem
514 3996 709 4052 excutiendam
728 3996 830 4051 nullius
844 3999 979 4052 momenti
997 4003 1062 4052 sunt
1080 4017 1170 4069 neque
1189 3999 1243 4054 huc
1261 3998 1400 4055 referendi

207 4085 273 4135 sunt
295 4080 325 4135 hi
349 4081 403 4137 loci
426 4080 512 4154 Soph.
531 4083 575 4138 Ar.
593 4084 644 4139 839
665 4093 747 4160 χωρεῖ
770 4085 839 4155 πρός
860 4082 930 4160 ἧπαρ
949 4090 977 4139 et
994 4085 1240 4157 Eur.Hipp.1070
1257 4094 1316 4142 αἰαῖ
1334 4088 1400 4163 πρὸς

208 4164 285 4242 ἧπαρ.
322 4169 447 4245 δακρύων
463 4173 543 4242 ἔμγῠς
560 4171 619 4226 τάδε
637 4171 688 4241 (sic
706 4170 957 4227 Wilamovvitzius:
975 4171 1124 4243 Euripides
1143 4172 1312 4245 Hippolytus
1332 4175 1398 4229 1891

207 4254 244 4309 ad
261 4253 287 4308 h.
301 4254 338 4325 1.).
