3300 5059
196 593 289 634 nsum
313 568 404 633 verbi
424 569 579 656 παριέναι
601 571 736 633 mutavit
758 592 797 634 ex
820 570 970 656 analogia
990 570 1118 635 illorum
1141 594 1224 655 quae
1248 594 1386 637 comme-

196 675 318 738 moravi
342 673 514 737 verborum
524 673 555 756 ¹).

283 775 352 853 Quo
380 778 566 862 ingonem,
594 800 634 841 ne
661 776 737 861 quid
765 779 911 841 omittere
939 777 1119 862 videamur,
1147 779 1232 844 hunc
1260 802 1387 865 quoque

198 880 365 964 Sophoclis
388 882 495 945 locum
518 888 701 964 tractemus,
725 881 779 946 ubi
800 884 1004 969 participium
1029 884 1136 960 δείσας
1158 906 1230 948 cum
1245 887 1385 970 genitivo

199 986 339 1049 iunctum
370 1007 441 1049 esse
468 985 581 1050 credas
610 984 646 1051 0.
678 986 716 1055 R.
748 988 811 1050 233
840 1008 887 1070 sq.
906 989 978 1053 aar
1012 1011 1061 1063 τις
1094 988 1114 1073 ί)
1148 991 1247 1070 φίλου
1282 990 1388 1065 δείσας

200 1087 321 1154 ἀποίσει
344 1086 464 1164 τοίπος
487 1088 507 1175 ί)
529 1088 654 1174 χαύτοῖ
679 1088 765 1155 τόδε.

282 1191 484 1278 Quamquam
499 1195 584 1257 enim
600 1192 712 1257 eodem
728 1200 784 1258 aut
805 1193 944 1258 fortasse
966 1195 1097 1259 meliore
1113 1197 1180 1260 iure
1197 1194 1388 1260 contendere

197 1295 272 1360 licet
293 1297 450 1381 genitivos
474 1299 572 1378 φίλον
595 1302 626 1360 et
645 1295 773 1381 χαδτοῦ
793 1296 935 1382 pendere
958 1297 1090 1363 everbo
1115 1298 1248 1379 ἀπώσει,
1271 1298 1387 1362 nihilo-
1421 1325 1424 1330 ·

196 1401 301 1464 minus
316 1401 525 1484 inquiramus,
549 1422 626 1463 num
642 1400 836 1464 censendum
852 1403 894 1465 sit
910 1422 981 1465 cum
996 1400 1171 1482 Eschero2)
1192 1408 1387 1466 structuram

82 1551 87 1560 ·
199 1504 340 1570 δεδιέναι
365 1504 453 1579 τινός
475 1504 625 1590 analogia
641 1527 750 1569 carere
772 1508 881 1589 itaque
897 1505 1039 1570 inaudite
1056 1505 1127 1589 dici,
1151 1514 1186 1570 ut
1201 1506 1388 1590 accipienda

198 1610 239 1672 sit
254 1607 423 1692 Kolsterill
441 1608 634 1693 explanandi
649 1610 730 1673 ratio
746 1612 846 1692 piton
862 1609 936 1686 δέος
952 1611 1066 1686 δείσας.
1104 1612 1211 1695 Atque
1226 1611 1387 1693 fueruntl)

200 1714 253 1796 qui
290 1735 308 1777 e
344 1735 427 1778 nova
464 1713 597 1778 curandi
635 1715 764 1779 notione
804 1715 981 1798 genitivum
1020 1713 1160 1799 pendere
1197 1737 1387 1799 persuasum

198 1815 362 1882 haberent.
408 1817 478 1895 Quo
501 1818 620 1883 auxilio
644 1839 724 1904 opus
747 1840 811 1883 non
835 1825 892 1883 est.
931 1816 1011 1882 Cum
1034 1820 1117 1882 enim
1138 1819 1288 1903 legantur
1309 1818 1387 1882 Hes.

197 1919 303 2005 theog.
317 1925 380 1987 850
401 1944 470 2006 sqq.
496 1922 601 2009 τρέσά
622 1922 727 2010 Ἀίδης
750 1922 888 2009 ἐνέροισι
911 1922 1209 2008 καταφθιμένοισιν
1232 1922 1389 1990 ἀνάσσων

291 2025 452 2107 ἀσβέστου
475 2027 628 2094 κελάδοιο
651 2030 708 2094 καὶ
731 2029 824 2113 αἰνῆς
848 2029 1030 2115 δηϊοτῆτος,
1046 2049 1111 2092 non
1127 2026 1288 2092 dubitabis
1309 2027 1388 2091 mihi

197 2127 372 2193 concedere
420 2132 595 2213 genitivum
644 2152 761 2196 causae
808 2130 917 2195 verbis
958 2130 1106 2196 timendis
1154 2130 1283 2195 adnecti
1330 2152 1387 2215 po·

196 2234 298 2296 tuisse
341 2234 472 2298 notione
515 2237 647 2320 propria
691 2242 829 2299 servata.
895 2234 1008 2319 Neque
1052 2258 1071 2299 a
1111 2233 1279 2321 Sophoclis
1316 2235 1386 2301 loco

197 2335 404 2420 abhorrent-⁵)
436 2337 517 2403 haec
549 2338 686 2403 aliorum
724 2340 915 2425 scriptorum
954 2340 1102 2424 exempla
1134 2337 1255 2404 Herod.
1280 2338 1296 2402 I
1326 2343 1384 2403 111

198 2439 293 2526 ὁμὲν
315 2444 376 2507 τοῦ
398 2441 500 2508 τόκον
517 2446 575 2529 τῆς
592 2443 746 2527 γνναικδς
763 2441 944 2530 ἀρρωδέων
957 2442 1033 2507 Eur.
1047 2442 1118 2508 Tro.
1133 2445 1195 2508 809
1208 2465 1255 2528 sq.
1270 2442 1386 2527 ἀτυζό-

195 2570 292 2630 μενος
312 2545 447 2612 παίλων.
485 2544 555 2622 Quo
570 2567 646 2611 vero
661 2554 755 2632 pacto
770 2547 849 2611 nudi
863 2547 897 2610 hi
912 2548 1044 2632 genitivi
1058 2545 1256 2632 intelligendi
1279 2548 1385 2631 sinn),

197 2648 258 2712 hoc
279 2649 415 2714 fortasse
429 2650 529 2735 ipsius
545 2650 713 2735 Sophoclis
735 2651 805 2717 loco
828 2651 1010 2717 illustratur
1025 2651 1140 2716 Trach.
1159 2654 1220 2716 149
1233 2672 1281 2735 sq.
1294 2649 1386 2735 (ἕως)

196 2751 281 2836 λάβῃ
305 2753 333 2818 τ’
357 2753 394 2820 έν
415 2756 513 2821 νυκτὶ
536 2756 727 2841 φροντίδων
748 2755 848 2841 μέρος
869 2756 944 2843 ἤτοι
964 2756 1046 2843 πρὸς
1070 2755 1191 2841 ἀνδρὸς
1213 2755 1234 2843 ἢ
1257 2754 1387 2822 τέκνων

280 2925 302 2995 ¹)
320 2924 383 2980 Huc
400 2931 531 2997 spectant
549 2927 637 2983 verba
652 2927 744 3001 χαλᾶν
763 2928 876 2992 (Aesch.
888 2927 982 2983 Prom.
995 2928 1055 2983 256.
1073 2928 1139 2983 Eur.
1153 2927 1234 2999 frgm.
1247 2926 1338 2997 7162)
1358 2931 1387 2990 et

194 3013 316 3066 τελευτᾶν
338 3012 436 3080 (Thuc.
455 3013 497 3068 III
515 3012 589 3084 59‚3
611 3013 678 3069 ibid.
692 3015 777 3082 104‚5
802 3016 880 3084 etc),
898 3016 1012 3070 minime
1039 3019 1134 3070 autem
1157 3014 1282 3071 Platonis
1309 3013 1386 3069 locus

194 3096 314 3153 Phaedr.
328 3116 354 3169 p.
362 3099 413 3152 235
426 3110 452 3154 E
468 3107 586 3176 παρέντα
605 3103 650 3156 τοῦ
667 3104 719 3173 μὲν
737 3101 767 3155 τὸ
785 3101 922 3175 φρόνιμον
939 3101 1126 3174 ἐγκωμιάζειν,
1143 3102 1189 3156 τοῦ
1207 3103 1235 3157 δὲ
1252 3100 1282 3156 τὸ
1299 3101 1387 3174 ἄφρον

195 3190 301 3257 ψέγειν,
333 3203 404 3256 quae
432 3186 519 3242 verba
546 3206 601 3243 non
633 3192 710 3244 recte
736 3188 909 3244 intellexisse
935 3187 1005 3243 mihi
1032 3187 1145 3244 videtur
1171 3186 1385 3257 Bernhardyus:

197 3271 283 3327 Wiss.
297 3272 404 3341 Syntax
424 3291 452 3344 p.
466 3274 524 3330 180.

280 3358 300 3426 2)
319 3358 376 3415 Der
394 3360 546 3416 Accusativ
565 3361 611 3417 bei
629 3361 783 3434 Sophocles
802 3362 871 3417 1876
889 3380 916 3433 p.
929 3363 971 3416 53.

281 3445 302 3511 3)
322 3444 539 3518 Sophocleische
558 3446 677 3504 Studien
696 3449 764 3504 1859
782 3467 809 3520 p.
824 3449 884 3504 286.

280 3531 302 3602 4)
322 3532 408 3588 Velut
428 3532 649 3591 Wennowskins
673 3536 689 3591 l.
704 3535 721 3590 l.
736 3554 763 3607 p.
779 3535 839 3592 234,
875 3534 1043 3591 Kuehnerus
1067 3534 1084 3589 l.
1095 3535 1112 3590 l.
1127 3553 1154 3607 p.
1169 3534 1220 3588 256
1245 3532 1338 3588 admit
1357 3537 1387 3587 et

195 3634 222 3688 p.
234 3618 292 3673 325.
328 3619 402 3676 Item
420 3619 577 3677 Schenkius
596 3621 613 3679 l.
627 3622 644 3677 l.
656 3640 684 3693 p.
696 3623 731 3677 83
754 3623 862 3678 erravit
885 3621 920 3677 de
939 3621 1078 3677 adiectivo
1103 3619 1264 3693 ἀδείμαντος
1281 3618 1385 3675 Aesch.

194 3702 270 3761 Pers.
285 3706 335 3761 162
348 3708 472 3780 οὐδαμῶς
490 3711 603 3781 ἐμαυτῆς
620 3706 679 3765 οὖν’
700 3710 869 3781 ἀδείμαντος.

279 3792 301 3862 ⁶)
319 3793 381 3849 Huc
400 3793 490 3850 refero
503 3794 588 3851 Thuc.
600 3795 643 3851 IV
656 3797 697 3866 11,
710 3796 734 3849 4.
754 3795 824 3867 δρῶν
835 3838 843 3852 .
853 3837 876 3853 ..
889 3795 948 3859 roric
959 3794 1136 3872 τριηράρχους
1149 3836 1154 3849 .
1167 3836 1172 3846 .
1184 3835 1190 3848 .
1203 3794 1386 3854 ἀποκνοῦντας

194 3881 241 3932 καὶ
259 3883 472 3953 μαλασσομένους
489 3883 542 3937 τῶν
560 3884 628 3938 νεῶν
650 3883 688 3956 μι)
706 3887 897 3958 ξοντρίψωσιν,
919 3883 954 3939 de
977 3882 1078 3956 quibus
1102 3883 1159 3936 iam
1180 3884 1257 3937 recte
1280 3878 1386 3934 iudicat

192 3963 423 4023 Dewischeitius:
442 3968 499 4024 Zur
516 3969 636 4026 Theorie
655 3966 811 4027 der'Cesus
831 3971 899 4026 1857
917 3989 944 4042 p.
959 3972 1000 4025 14.

280 4053 302 4124 6)
321 4054 399 4111 Idem
412 4058 555 4128 genitivus
567 4059 694 4131 iungitur
703 4058 796 4114 verbis
807 4057 927 4128 dolendi,
940 4075 1058 4131 quorum
1068 4057 1138 4111 haec
1147 4054 1233 4111 affero
1243 4054 1384 4125 exempla:

191 4141 277 4196 0104
295 4141 406 4197 πάντων
425 4142 556 4216 ὀδύρομαι
574 4145 618 4216 (cf.
636 4144 703 4199 ibid.
715 4146 776 4207 819,
795 4149 809 4206 ξ
826 4145 869 4213 40,
889 4145 947 4215 142,
973 4146 1022 4199 174
1046 4143 1092 4212 al.)
1117 4165 1138 4197 ω
1156 4141 1208 4196 425
1230 4142 1276 4196 reri
1298 4140 1386 4214 δάκρυ

188 4232 261 4299 χέων
280 4228 325 4299 (=
334 4236 352 4297 β
369 4228 415 4299 24)
433 4229 500 4284 Eur.
518 4230 601 4286 Herc.
618 4231 669 4289 fur.
689 4232 756 4286 1114
775 4223 806 4286 οὗ
824 4234 996 4307 δακρυρροεῖς
1014 4230 1058 4301 (cf.
1074 4229 1265 4285 Wilamowitz
1277 4225 1313 4281 ad
1326 4226 1353 4280 h.
1367 4226 1383 4281 l.

191 4313 257 4370 Eur.
275 4316 343 4373 Hec.
358 4317 420 4387 760)
443 4317 480 4373 id.
499 4317 560 4388 Iph.
574 4318 638 4374 Aul.
656 4319 708 4374 370
725 4318 854 4378 Ἑλλάδος
875 4323 957 4375 στένω
979 4317 1016 4372 id.
1032 4316 1100 4372 Hec.
1115 4316 1182 4370 1256
1205 4312 1220 4383 ἦ
1237 4336 1272 4387 με
1289 4314 1386 4375 παιδὸς

192 4405 238 4459 eim
257 4406 352 4479 ἀλγεῖν
371 4407 457 4468 δοκεῖς
474 4405 520 4478 (cf.
539 4406 625 4467 Thuc.
638 4406 669 4459 II
680 4407 723 4472 65,
735 4407 760 4460 4.
779 4405 881 4461 Aesch.
900 4406 954 4476 Ag.
972 4404 1043 4475 571).
1212 4473 1228 4508 ⁹
