3300 5059
708 344 923 405 -25-

220 539 362 617 apparet,
386 533 441 598 ubi
463 535 622 618 genitivus
637 539 820 618 usurpatur,
844 534 898 616 qui
918 533 1059 616 iungitur
1078 531 1175 596 verbo
1198 530 1342 615 simplici,
1365 530 1410 594 ihi

219 637 458 700 imminutam
491 658 574 701 esse
607 639 644 700 in
677 636 803 701 verbis
839 635 1112 701 construendis
1135 636 1409 720 praepositionum

218 742 293 807 vim.
338 740 493 805 Nullam
515 742 598 804 enim
622 740 720 804 fuisse
743 740 924 825 praeverhii
945 743 1011 803 vim
1033 743 1079 804 ita
1101 748 1137 804 ut
1159 739 1259 804 verba
1281 761 1409 824 compo·

219 843 281 906 sita
303 843 389 908 idem
412 844 472 908 sihi
494 844 593 908 velint
615 852 711 926 atque
732 844 832 908 verba
860 844 1031 930 simplicia,
1061 866 1126 908 non
1154 843 1293 908 concedo
1315 842 1409 907 Krie-

218 947 414 1031 hitzschioh)
461 947 582 1013 Eadem
616 950 686 1031 ipsa
718 950 843 1012 ratione
877 948 1000 1033 explico
1036 947 1191 1030 dativum,
1230 950 1285 1033 qui
1311 946 1409 1012 verbo

219 1054 410 1136 καταγελᾶν
437 1051 477 1115 ab
501 1051 666 1116 Herodoto
694 1052 874 1116 adnectitur
896 1052 945 1116 ΙΠ
967 1055 1007 1117 37
1036 1054 1144 1119 πολλα
1169 1056 1217 1137 τῷ
1240 1052 1409 1137 ἀγάλματι

219 1151 417 1239 κατεγέλασε
438 1156 493 1241 (cl.
508 1155 584 1219 ibid.
602 1178 628 1219 c.
646 1159 686 1221 38
703 1163 735 1220 et
746 1155 809 1220 VH
825 1158 868 1239 9),
886 1163 917 1220 et
932 1156 1013 1221 haec
1028 1156 1224 1240 Sophoclea:
1247 1155 1330 1220 Phil.
1346 1159 1408 1220 719

218 1260 354 1345 ἀνδρῶν
377 1259 521 1344 ἀγαθῶν
547 1259 667 1337 παιδὸς
694 1259 918 1347 ὑπαντήσαςῖ)
944 1260 1057 1324 Trach.
1079 1264 1115 1324 17
1146 1261 1291 1347 κσίτης3)
1315 1257 1408 1344 ἐμπε-

217 1362 425 1448 λασθῆναι4).

302 1465 351 1530 Νσ
378 1465 431 1530 hic
458 1467 586 1551 quidem
613 1466 719 1530 adhuc
746 1472 832 1531 recte
866 1466 1045 1532 intellectus
1074 1488 1146 1532 esse
1176 1468 1256 1531 mihi
1282 1467 1409 1533 videtur

216 1570 384 1656 Sophoclis
399 1570 489 1635 locus
506 1570 542 1637 0.
560 1569 592 1636 C.
610 1573 673 1636 436
697 1570 804 1647 οὐδεὶς
828 1570 951 1658 ἔρωτος
974 1571 1066 1638 τοῦδ’
1090 1572 1234 1655 ἐφαίνετ)
1258 1571 1408 1655 ὠφελῶν,

217 1695 298 1758 quae
313 1674 413 1739 verba
428 1674 617 1739 scholiastes
632 1676 861 1760 interpretatur
876 1675 926 1739 his
942 1676 1061 1740 verbis:
1088 1676 1209 1742 τούτου
1226 1677 1262 1742 δὲ
1286 1674 1410 1763 ἔραττες

217 1778 323 1854 οὐδεὶς
345 1803 384 1864 με
407 1777 506 1846 ἐποίει
534 1778 728 1845 ἀπολαῦσαι.
777 1778 881 1856 Quam
909 1780 1120 1864 paraphrasin
1147 1780 1322 1864 probantes
1349 1782 1408 1843 viri

219 1881 301 1947 docti
324 1883 483 1967 putabant
504 1883 679 1966 genitivum
701 1885 820 1967 requiri
836 1906 920 1948 nova
934 1886 1062 1948 notione
1078 1883 1204 1948 fruendi
1219 1883 1270 1947 vel
1287 1884 1409 1949 fruetus

218 1985 364 2070 capiendi
394 1985 607 2070 adsumptaq.
657 1985 746 2063 Quae
780 1988 863 2051 ratio
897 1986 993 2051 valde
1025 1990 1194 2052 temeraria
1226 1988 1305 2051 mihi
1338 2011 1408 2053 esse

215 2089 348 2153 videtur.
388 2090 493 2174 Atque
509 2089 658 2174 equidem
679 2112 745 2155 non
767 2093 865 2176 iungo
882 2094 1059 2175 genitivum
1077 2090 1200 2178 ἔρωτος
1214 2114 1285 2157 cum
1309 2093 1407 2158 verbo

217 2191 397 2275 ὤφελεῑνθ).
443 2193 626 2259 Genitivum
648 2197 731 2259 enim
756 2196 918 2259 relationis
942 2196 1184 2281 intelligendum
1208 2219 1278 2261 esse
1302 2210 1407 2261 osten-

216 2295 297 2362 dunt
322 2293 417 2361 haec:
441 2297 516 2368 Eur.
540 2299 624 2364 Med.
643 2300 706 2364 284
735 2299 957 2385 συμβάλλεται
985 2302 1020 2366 δὲ
1046 2302 1154 2367 πολλὰ
1180 2304 1276 2367 τοῦδε
1299 2303 1407 2386 δείμα-

218 2402 302 2484 τοςῗ)
334 2399 432 2487 Soph.
460 2400 507 2465 El.
530 2405 592 2467 626
616 2424 664 2486 sq.
694 2402 869 2488 θράσουςὸ)
900 2403 990 2470 τοῦδ’
1024 2404 1086 2469 οὐκ
1120 2404 1257 2487 ἀλύξεις.
1306 2404 1407 2469 Verto

215 2506 312 2589 igitur
338 2505 395 2569 illa
423 2504 591 2591 Sophoclis
617 2508 727 2587 verba,
756 2529 776 2570 a
804 2507 919 2591 quihus
945 2507 1110 2591 profectus
1139 2530 1223 2572 sum:
1258 2508 1409 2573 niemand

216 2611 317 2695 zeigte
341 2609 410 2673 sich
434 2610 765 2695 entgegenkommend
792 2612 844 2675 bei
872 2611 992 2676 diesem
1015 2610 1163 2676 Wunsch
1191 2614 1270 2695 (was
1299 2612 1408 2676 diesen

214 2711 362 2778 Wunsch
384 2714 570 2798 anhetrifft).

302 2884 322 2955 ¹)
341 2884 525 2951 Quaestiones
545 2886 579 2942 de
598 2905 650 2942 usu
664 2887 815 2944 verborum
835 2906 897 2943 cum
916 2889 1173 2962 praepositionibus
1188 2890 1408 2960 compositorum

215 2970 290 3042 apud
299 2969 467 3043 Sophoclem
479 2974 545 3027 1881
556 2992 582 3044 p.
593 2974 667 3044 p.50.
679 2974 722 3027 32.·
731 2975 771 3029 34.
784 2976 816 3028 47
828 2973 890 3028 adn.
899 2975 923 3028 8.
953 2972 991 3029 Cf.
1003 2974 1053 3030 Th.
1065 2974 1216 3047 Ludewig:
1227 2973 1269 3029 De
1279 2973 1408 3030 dictionis

215 3055 388 3129 Sophocleae
406 3058 544 3128 ubertate,
565 3062 678 3131 quaein
693 3060 787 3116 verbis
807 3078 870 3115 cum
889 3060 1144 3132 praepositionibus
1164 3062 1325 3132 compositis
1345 3079 1408 3116 con-

214 3145 330 3215 spicitur
349 3145 424 3201 1864.
460 3144 580 3201 Dindorf
595 3145 631 3201 ad
649 3145 735 3218 Soph.
750 3146 821 3201 Phil.
836 3147 912 3201 1333.
948 3147 1061 3220 Kn'iger
1079 3148 1108 3201 ΙΙ
1127 3149 1168 3216 47,
1189 3149 1230 3216 14,
1249 3148 1274 3203 5.

300 3230 321 3301 ²)
341 3229 503 3286 Wunderus
522 3236 552 3287 et
570 3232 711 3287 Nauokius
731 3233 858 3287 scribunt
881 3237 958 3288 παισὶ
985 3236 1127 3289 συναντᾶν.
1163 3233 1330 3289 Kuelmerus
1353 3234 1369 3288 1.
1390 3234 1406 3291 l.

214 3335 241 3389 p.
253 3317 305 3371 302
323 3317 456 3389 intelligit
473 3318 570 3393 τυχών.

300 3403 321 3475 ³)
339 3402 482 3459 Nauckius
515 3404 551 3460 ad
578 3405 604 3459 h.
633 3407 650 3460 l.
679 3405 772 3476 docet,
805 3409 934 3462 notiones
963 3407 1113 3462 verborum
1141 3406 1280 3476 ἅψασθαι,
1308 3415 1406 3479 θιγεῖν,

213 3495 358 3562 μετασχεῖν
376 3489 582 3545 subaudiendas
602 3509 671 3547 osse.

299 3575 321 3646 ⁴)
341 3574 496 3650 Scriptura,
515 3596 586 3648 quac
599 3578 721 3634 traditur
735 3579 766 3634 Ο.
779 3579 812 3635 R.
828 3580 896 3635 1100
909 3579 1000 3641 Πανὸς
1013 3581 1168 3654 ὀρεσσιβάτα
1187 3580 1408 3654 προσπελασθεῖσ’

214 3679 283 3716 sana
300 3681 356 3718 non
376 3668 425 3733 est,
445 3682 507 3719 cum
526 3669 647 3719 metrum
666 3666 767 3721 obstet.

300 3747 321 3819 5)
341 3748 380 3805 Cf.
399 3749 534 3806 Benloew
552 3750 569 3808 l.
589 3751 605 3806 l.
625 3769 649 3819 p.
664 3753 705 3806 41.
724 3752 842 3808 Kr'ihner
860 3753 876 3807 l.
896 3753 911 3807 l.
933 3754 1027 3820 11306.

300 3835 321 3905 ⁶)
340 3834 497 3892 Ellendtius
516 3837 532 3892 l.
553 3838 569 3892 l.
588 3855 613 3905 p.
626 3839 678 3893 808
697 3845 801 3901 censet,
824 3841 1000 3908 participium
1025 3842 1134 3909 ὠφελῶν
1153 3845 1286 3911 tanquam
1305 3858 1407 3895 nomen

214 3921 422 3977 substantivum
440 3924 597 3994 genitivum
616 3926 766 3996 postulare.
807 3925 863 3981 Sed
883 3944 916 3981 ea
934 3927 996 3997 ipsa
1015 3926 1058 3980 vis
1078 3925 1255 3981 substantiva
1274 3926 1327 3982 hoc
1346 3927 1405 3982 loco

214 4010 346 4079 cognosci
369 4026 424 4063 non
447 4015 544 4080 potest
570 4012 615 4080 (cf.
642 4030 669 4083 p.
684 4014 727 4080 15)
750 4017 834 4084 atque
869 4012 965 4067 dubito
989 4031 1055 4067 num
1083 4012 1250 4068 vertendum
1277 4014 1315 4067 sit
1341 4015 1406 4082 „de-

213 4094 315 4150 siderio
335 4094 535 4151 satisfaciens“
739 4083 752 4098 ⁵

299 4181 319 4250 ⁷)
338 4181 480 4240 Nauckius
499 4183 601 4239 conicit
619 4186 683 4258 τῷδε
701 4187 817 4258 δείματι.

299 4269 321 4338 ⁸)
339 4268 402 4323 Huc
419 4287 475 4324 non
493 4272 634 4340 pertinere
647 4269 794 4343 Sophoclis
813 4273 902 4328 verba
914 4274 979 4328 Ant.
992 4273 1045 4327 488
1057 4291 1098 4345 sq.
1118 4274 1164 4328 oin
1175 4273 1305 4335 ιάλύξττον
1322 4272 1406 4345 μόραν

214 4361 347 4424 κακίστου,
364 4357 544 4428 perspicuum
563 4362 614 4414 est.
