3300 5059
707 358 921 419 ,12-

218 551 357 613 locutus:
395 545 476 634 „Mir
511 548 662 613 scheinen
694 546 788 612 beide
816 545 1082 612 Constructionen
1111 546 1168 611 der
1196 545 1299 611 Sacbe
1326 549 1411 612 nach

219 652 317 737 vollig
350 650 637 737 gleichbedeutend
671 650 736 715 und
770 674 831 715 nur
864 654 897 715 in
931 651 988 716 der
1015 650 1300 715 Auedrucksweise
1327 652 1411 716 nach

219 756 467 821 verschiedenen
482 756 699 820 Riicksichten
715 754 921 820 verschieden
937 777 976 819 zu
999 755 1099 820 sein“.
1138 755 1281 820 Ablativi
1304 763 1411 820 autem

219 883 295 925 usus
322 884 400 926 num
427 883 447 925 a
472 862 583 945 primis
610 859 807 943 temporibus
836 882 909 925 cum
938 859 1055 923 horum
1082 859 1254 924 verborum
1282 861 1411 926 notione

218 967 344 1029 iunctus
371 964 480 1046 fuerit,
508 966 541 1027 in
570 963 834 1047 disceptationem
860 964 939 1027 mihi
965 963 1145 1027 vocandum
1178 984 1248 1028 esse
1275 964 1409 1029 videtur.

218 1068 320 1146 Quam
343 1091 411 1132 rem
434 1067 583 1151 equidem
606 1066 781 1132 diiudicare
803 1090 868 1132 non
890 1089 1032 1152 possum.

303 1172 363 1237 His
385 1172 573 1257 praelibatis
595 1193 680 1236 nunc
707 1170 749 1236 ad
772 1169 964 1256 Sophoclem
990 1174 1098 1256 ipsum
1123 1171 1409 1257 transgrediamur.

221 1275 363 1340 Vidimus
388 1278 483 1359 enim,
510 1278 537 1340 si
564 1284 651 1340 recte
678 1277 908 1359 interpretatus
936 1298 1007 1340 sum
1034 1298 1117 1360 quae
1140 1276 1243 1360 attuli,
1272 1282 1409 1341 structu-

218 1402 325 1445 rarum
339 1380 527 1456 rarietatem
542 1402 606 1444 non
622 1378 845 1464 explicandam
860 1402 931 1444 esse
947 1403 964 1444 e
980 1402 1078 1445 sensu
1088 1380 1261 1445 verborum
1275 1388 1408 1446 mutato.

217 1482 319 1548 Immo
343 1490 445 1548 totum
467 1486 500 1547 in
523 1495 561 1549 eo
586 1491 644 1567 est,
669 1490 703 1549 ut
723 1490 904 1549 structurae
926 1506 984 1568 per
1007 1485 1153 1569 seipsae
1175 1485 1409 1570 intelligentem

218 1590 395 1671 syntactioa
418 1590 501 1652 enim
524 1591 605 1653 ratio
628 1588 698 1653 sola
723 1610 881 1673 persaepe
908 1590 1032 1653 variata
1058 1596 1116 1652 est.
1164 1588 1276 1652 Latius
1304 1597 1411 1654 autem

216 1690 308 1755 fluxit
321 1693 393 1771 ista,
411 1713 506 1775 quam
522 1694 716 1777 restringere
731 1694 864 1775 institui,
882 1692 1061 1776 explicandi
1077 1694 1159 1757 ratio
1180 1695 1214 1757 in
1230 1692 1410 1777 Sophocleo

218 1817 364 1859 sermone
379 1795 559 1877 iudicando,
577 1797 667 1861 cuius
684 1818 745 1881 age
761 1797 826 1860 iem
842 1798 1060 1861 examinemus
1077 1797 1224 1881 exempla
1240 1797 1409 1882 quaedam,

218 1922 300 1984 quae
322 1921 387 1964 non
408 1906 495 1965 recte
517 1900 595 1963 mibi
617 1899 782 1965 intellecta
805 1922 876 1965 esee
898 1900 1057 1966 videntur.

302 2003 458 2089 incipiam
480 2027 500 2067 a
522 2004 720 2069 Philoctetae
743 2026 840 2069 versu
866 2006 946 2070 1011
972 2027 1020 2089 sq.

423 2126 520 2212 δῆλος
543 2126 580 2191 δὲ
603 2127 659 2192 καὶ
681 2129 744 2192 νῦν
766 2126 856 2193 ἐστιν
879 2126 1038 2212 ἀλγεινῶς
1060 2127 1174 2213 φέρων

424 2225 473 2306 οἷς
496 2229 525 2295 τ’
549 2229 649 2304 αὐτὸς
672 2230 854 2317 ἐξήμαρτεν
876 2228 924 2305 οἷς
947 2230 976 2297 τ’
1000 2231 1067 2316 ἒγῶ
1084 2230 1220 2297 ”audon

216 2367 323 2452 Vulgo
336 2368 479 2433 dativum
488 2368 587 2433 verbo
601 2369 760 2454 ἀλγεινῶς
773 2372 885 2457 φέρειν
897 2370 1080 2435 adiunctum
1093 2392 1163 2434 esse
1175 2369 1334 2435 iudicatur
1345 2394 1410 2435 non

215 2481 282 2537 tarn
298 2495 337 2537 ex
353 2472 503 2558 analogia
519 2473 688 2538 verborum
705 2474 922 2558 succensendi,
939 2474 997 2539 sed
1012 2474 1098 2560 quod
1114 2474 1279 2539 audiretur
1286 2476 1310 2559 ¹)
1327 2475 1409 2540 haec

216 2577 313 2640 notin.
347 2577 395 2640 Ac
415 2577 552 2661 primum
570 2578 697 2661 quidem
714 2579 917 2661 monendum⁷
934 2601 1051 2643 novam
1066 2579 1156 2643 illam
1168 2579 1332 2643 notionem
1346 2580 1408 2645 hoc

216 2681 286 2745 loco
296 2681 607 2747 minimedesiderari
617 2690 673 2746 aut
681 2682 831 2767 flagitari.
855 2681 970 2747 Nonne
981 2685 1088 2746 statim
1099 2682 1203 2747 elucet
1212 2683 1302 2747 nulla
1311 2685 1408 2769 signi-

215 2784 363 2849 ficatione
384 2786 579 2871 praeclarius
602 2786 806 2871 Neoptolemi
835 2786 1059 2851 demissionem
1082 2789 1180 2851 animi
1202 2787 1409 2873 doloremque

211 2885 350 2973 'exprimi
365 2891 507 2973 potuisse
523 2891 584 2954 nisi
599 2913 647 2973 ea,
669 2913 751 2976 quae
766 2892 898 2975 propria
921 2899 970 2954 est
991 2890 1100 2955 verbe.
1142 2890 1255 2975 Neque
1279 2894 1407 2956 omuino

215 2992 358 3077 intelligo
373 2992 459 3057 huno
481 2992 621 3059 dativum
643 2995 831 3060 insolentius
848 2994 1001 3074 exhiberi,
1023 2996 1068 3058 ita
1091 3000 1126 3058 ut
1148 3017 1234 3059 nova
1249 2995 1408 3079 quaedam

216 3096 397 3181 explicandi
420 3099 501 3161 ratio
524 3098 663 3181 petenda
686 3100 736 3163 sit.
781 3098 886 3176 Quid?
909 3097 1009 3162 verba
1032 3098 1161 3163 dolendi
1182 3122 1288 3164 nonne
1310 3100 1406 3186 vulgo

216 3199 358 3264 dativum
366 3203 389 3284 2)
408 3223 467 3285 pro
484 3204 664 3267 accusativo
680 3201 740 3266 sibi
757 3202 952 3267 adnectunt?
976 3202 1039 3267 Cur
1062 3224 1126 3267 non
1148 3202 1223 3267 licet
1247 3202 1407 3289 ἀλγεινῶς

216 3306 327 3390 φέρειν
346 3304 431 3369 idem
446 3305 551 3369 ferre?
589 3307 699 3390 Neque
713 3313 778 3371 iam
800 3307 987 3386 haesitabis
1008 3308 1036 3371 si
1058 3307 1138 3372 haec
1161 3308 1310 3392 exempla
1332 3330 1406 3373 con-

215 3411 372 3492 spexeris:
404 3408 479 3473 Eur.
503 3408 603 3474 Andr.
630 3412 713 3474 1233
736 3432 783 3495 sq.
814 3426 884 3486 τοῖς
915 3414 1123 3498 παρεστῶσιν
1156 3426 1272 3486 κακοῖς
1304 3414 1409 3499 μηδέν

216 3537 247 3578 τι
269 3515 346 3579 λίαν
370 3514 545 3599 δυσφορεῖν
566 3513 684 3578 Aescb.
709 3512 786 3579 Cho.
811 3518 850 3580 81
876 3537 923 3599 sq.
950 3516 1117 3602 δακρύοι.
1142 3566 1149 3578 .
1175 3566 1181 3578 .
1207 3519 1405 3601 ,ματαίοισι

216 3616 381 3682 δεσπόταν
404 3616 558 3703 τύχαιςῧ).
582 3618 720 3683 Multum
736 3619 866 3703 expedit
882 3620 1028 3703 exempla
1051 3618 1176 3702 afferre,
1199 3620 1255 3685 ubi
1270 3643 1407 3705 praepo-

305 3788 325 3856 1)
345 3786 383 3843 Cf.
403 3789 501 3845 Nauck
529 3790 564 3845 ad
592 3790 619 3844 h.
647 3791 663 3845 l.
691 3789 816 3845 Ellendt:
843 3790 967 3846 Lexicon
999 3791 1212 3862 Sophocleum2
1237 3792 1304 3847 1872
1335 3811 1361 3865 p.
1374 3792 1407 3847 25

216 3894 236 3930 s.
257 3894 282 3929 v.
302 3875 432 3947 ἀλγεινῶς
452 3875 543 3947 [,‚cum
563 3877 659 3932 dativo
678 3878 802 3932 iunctum
822 3879 888 3949 quia
905 3879 922 3933 i.
943 3896 968 3949 q.
988 3879 1189 3949 dycevorroiv⁸‘].

302 3962 323 4029 2)
343 3960 381 4016 Cf.
395 3962 497 4018 Aescb.
515 3962 607 4018 Prom.
626 3965 678 4018 288
695 3964 790 4037 τύχαις
808 3966 931 4036 συναλγῶ
950 3964 992 4032 (cf.
1007 3965 1072 4021 Eur.
1087 3963 1169 4022 Rhea
1183 3966 1243 4023 807.
1262 3966 1407 4021 Moschion

214 4050 256 4103 lx
276 4049 309 4103 10
328 4048 384 4119 (N.)
404 4047 489 4121 Soph.
509 4049 550 4105 El.
571 4051 636 4106 1201
660 4057 715 4112 τοῖς
733 4056 798 4111 ἴσοις
817 4049 910 4122 ἀλγῶν
928 4059 1021 4112 κακοῖς
1039 4051 1075 4108 id.
1096 4051 1127 4107 O.
1148 4050 1176 4107 C.
1191 4053 1249 4116 744,
1268 4054 1335 4108 Ant.
1349 4055 1407 4118 468,

213 4134 279 4191 Eur.
301 4135 365 4191 Tro.
384 4135 445 4202 727)
468 4135 569 4191 Aescb.
592 4138 671 4192 Pers,
690 4137 741 4192 295
769 4143 871 4193 στένειν
898 4146 990 4198 κακοῖς
1015 4137 1059 4206 (cf.
1085 4139 1150 4194 Eur.
1174 4138 1234 4195 Alc.
1253 4139 1315 4207 652)
1341 4140 1406 4195 Eur.

214 4220 275 4277 Alc.
295 4222 345 4277 199
364 4222 503 4293 στενάζειν,
522 4222 558 4279 id.
578 4223 639 4278 Hel.
659 4223 708 4279 727
728 4225 895 4280 σννιοάίνειν.

301 4307 322 4379 ³)
343 4307 433 4365 Valde
457 4308 556 4367 dubito
583 4328 649 4367 num
676 4311 843 4369 mutandum
866 4313 906 4367 sit
929 4329 991 4368 curn
1014 4310 1119 4369 Weilio
1147 4313 1251 4387 μάταια
1278 4315 1408 4370 δεσποτᾶν

213 4417 303 4471 ῐϋχαςο
