3300 5059
730 369 944 432 -30-
1027 391 1090 424 ¹.

239 559 376 647 μάχης.
402 613 407 624 .
433 613 438 623 .
465 612 470 624 .
495 558 744 646 ἐπιμεμνημένοι.
762 561 815 624 καὶ
842 560 903 645 τὴν
927 559 1063 646 4λήμνον
1085 558 1241 645 (tiberiadi
1259 538 1341 621 'Eum
1359 558 1429 642 lph.

241 664 281 730 A.
297 666 370 745 731
386 663 575 749 παρθένους
608 663 777 751 τημέλειῖ).
824 663 927 740 Quid?
955 663 1042 747 quod
1071 663 1152 727 haec-
1180 675 1313 752 quoqua·
1333 662 1432 726 verba

241 765 457 833 accusativum
480 769 538 832 sibi
562 766 744 848 adnectunt,
769 782 995 852 καταφρονεῖν
1016 767 1090 864 Eur.
1108 768 1223 831 Bacch.
1241 770 1303 832 503
1328 792 1430 836 κατα·
1482 755 1484 762 ’

241 886 366 959 φρονεῐτ
381 877 451 957 με3)
478 874 534 937 καὶ
559 871 670 957 θὴβας
697 869 752 936 ὅδε
779 879 812 934 at
841 875 1031 955 καταγελᾶν
1058 870 1134 934 ibid.
1153 874 1214 935 286
1245 874 1432 959 καταγελᾷς

240 1002 302 1043 νιν.
347 976 507 1059 Imprimis
538 983 646 1040 autem
674 997 746 1039 cum
773 974 942 1058 Sophoclis
970 975 1107 1039 dictione
1130 975 1231 1058 ψαύω
1255 1000 1330 1041 τινα
1357 996 1431 1038 con·

240 1080 388 1145 serendus
421 1087 470 1145 est
496 1080 625 1144 Pindari
651 1080 741 1143 locus
770 1079 863 1163 Pyth.
886 1079 979 1144 1134
1004 1080 1080 1156 Διὸς
1114 1079 1245 1146 ἄκοιτιν
1278 1079 1432 1163 ἐπειρᾶτο

240 1188 297 1267 (sc.
314 1184 442 1268 Ἰξίων),
467 1206 563 1268 quam
578 1185 751 1247 accusativi
768 1190 961 1247 structuram
978 1207 995 1246 e
1015 1184 1134 1248 tralata
1149 1183 1239 1247 verbi
1254 1185 1431 1268 πειρᾶσθαι

240 1287 470 1373 significatione
504 1287 727 1370 explicandam
761 1309 824 1350 non
859 1309 930 1350 esse
963 1288 1118 1371 probatur
1146 1287 1208 1351 hec
1235 1288 1305 1351 loco
1334 1286 1429 1350 Hom.

240 1398 275 1457 Σ
288 1393 351 1456 600
363 1412 409 1475 sq.
436 1390 482 1467 cic
505 1389 560 1456 ὅτε
584 1389 636 1467 τις’
656 1391 776 1477 τροχὸν
794 1442 799 1452 .
819 1445 825 1456 .
844 1445 850 1455 .
868 1383 1025 1476 asnapii-c
1047 1391 1275 1479 πειρήσετιιι*>,
1299 1398 1331 1454 et
1354 1411 1430 1453 ana·

239 1496 327 1578 logia
349 1495 437 1559 verbi
463 1498 667 1582 πειρρτὶζειν,
701 1497 750 1559 cui
784 1496 985 1558 accusativus
1019 1483 1178 1580 qiioqnof‘)
1213 1495 1357 1558 adnexus
1381 1501 1432 1557 est

240 1606 282 1665 M
292 1603 331 1663 47
359 1602 472 1684 στίχας
495 1598 630 1685 ἀνδρῶν
652 1601 856 1686 πειρητίζων.
1094 1586 1096 1589 ,

325 1702 538 1767 Nihilominus
560 1703 651 1766 multi
674 1709 706 1766 et
721 1701 807 1765 docti
823 1705 883 1766 viri
907 1702 1091 1784 censebunt,
1116 1725 1187 1767 cum
1210 1702 1330 1787 ψαύειν
1354 1701 1429 1767 τινά

239 1796 390 1872 artiorem
401 1809 579 1871 iuncturam
593 1806 712 1870 habeat
723 1829 820 1891 quam
833 1806 952 1890 ψαύειν
966 1806 1063 1889 τινός,
1077 1810 1256 1891 graviorem
1269 1806 1430 1891 quandam

237 1910 325 1975 vorbi
339 1911 463 1995 operiere
470 1910 734 1995 significationem
747 1912 920 1975 accusativi
933 1918 1093 1977 structura
1105 1912 1248 1976 indicari.
1268 1911 1321 1974 An
1330 1910 1429 1994 Wila-

238 2017 397 2080 mowitzio
414 2015 657 2099 adstipulamur,
675 2016 729 2097 qui
745 2014 786 2078 ad
802 2014 964 2099 Euripidis
982 2017 1080 2106 verba
1095 2015 1190 2082 Herc.
1203 2015 1262 2079 fur.
1277 2018 1317 2080 28
1331 2015 1430 2103 τήνδε

240 2118 408 2202 δεσπόζων
418 2118 518 2184 πόλιν
529 2118 610 2182 haec
622 2125 755 2182 annotat
762 2118 808 2201 ⁶)?
834 2118 1003 2202 ῃ(λέοπόζω
1014 2119 1106 2200 wird,
1118 2122 1179 2183 wie
1190 2119 1360 2201 natiirlich,
1373 2140 1429 2203 ga·

183 2250 186 2255 ’
238 2222 401 2286 wb'hnlich
415 2225 474 2286 mit
490 2221 562 2286 dem
577 2223 703 2306 genetiv
719 2221 916 2303 verbunden,
938 2223 986 2286 als
1003 2222 1232 2304 denominatim
1251 2220 1344 2287 werin
1360 2222 1429 2286 also

238 2326 308 2389 hier
331 2326 388 2390 der
411 2316 572 2390 accusatis
596 2325 691 2404 steht,
716 2347 751 2389 so
775 2326 832 2390 hat
855 2326 913 2390 das
929 2328 999 2390 eine
1014 2326 1193 2391 besondere
1214 2326 1351 2408 absicht,
1374 2349 1428 2390 zu-

237 2429 302 2494 mal
331 2428 387 2493 der
413 2451 486 2493 vers
520 2429 630 2494 beides
659 2436 808 2514 ertragen
836 2429 956 2494 wiirde.
1003 2452 1037 2494 es
1064 2432 1107 2494 ist
1130 2430 1186 2495 der
1213 2430 1428 2512 untersehied‚

237 2533 294 2597 der
317 2547 453 2620 κρατεῖν
476 2533 567 2609 τινός
592 2533 730 2597 ‘stinker
756 2534 804 2597 als
829 2533 963 2617 jemand
985 2534 1062 2600 sein’
1092 2556 1151 2599 von
1183 2549 1319 2620 κρατεῖν
1342 2534 1427 2617 τινά,

237 2636 417 2721 ‘jamanden
440 2640 473 2700 in
489 2636 616 2702 Gewalt
631 2636 746 2701 haben'
769 2645 890 2701 trennt:
915 2637 966 2701 fiir
988 2660 1104 2702 unsara
1119 2637 1337 2723 Empfindung
1360 2637 1428 2703 also

325 2879 346 2947 ¹)
365 2877 606 2934 Csflomzaaa
625 2878 705 2932 1527
724 2882 738 2940 ξ
757 2879 807 2932 168
826 2901 847 2932 ω
867 2879 916 2932 122
936 2877 1185 2936 Aeseh.Che.492
1204 2880 1238 2935 al.

324 2965 347 3034 2)
365 2963 403 3020 Cf.
423 2964 568 3020 Moschion
596 2965 621 3019 6.
645 2968 676 3018 ll
702 2982 742 3035 sq.
767 2964 831 3034 (Ν.)Ι
874 2965 935 3021 Huc
963 2968 1105 3038 pertinent
1132 2966 1220 3022 verba
1247 2968 1358 3040 ἀμελεῖν
1384 2966 1428 3034 (cf.

237 3051 340 3108 Herod.
357 3053 401 3106 ΙΙΙ
425 3052 475 3106 163
498 3050 564 3107 Eur.
582 3051 638 3106 don
662 3052 713 3105 438
740 3053 794 3123 sq.)
818 3053 922 3125 ἀλέγειν
945 3052 988 3120 (es.
1008 3053 1090 3109 Hom.
1111 3063 1137 3107 11
1158 3054 1210 3108 398
1231 3053 1297 3109 Hes
1313 3072 1358 3125 op.
1377 3054 1427 3108 251

237 3138 317 3194 Pind.
331 3139 372 3193 01.
386 3138 428 3193 XI
448 3139 480 3193 15
499 3138 600 3194 Aesch.
614 3136 711 3210 Suppl.
725 3139 786 3206 751)
805 3139 840 3193 al.

324 3226 344 3291 ³)
364 3224 403 3279 cf.
422 3224 488 3282 ibid.
501 3225 554 3280 842
572 3224 656 3279 Thuc.
670 3225 711 3279 Vl
729 3226 763 3279 43
781 3218 815 3280 al.
1166 3285 1170 3292 ,

322 3313 345 3383 ⁴)
364 3312 425 3367 Huc
437 3330 493 3367 non
506 3316 634 3383 spectare
647 3311 728 3366 Hom.
743 3311 809 3366 322
820 3329 860 3383 sq.
903 3312 1028 3368 Thucll
1044 3314 1084 3382 19,
1099 3317 1121 3382 l,
1141 3314 1220 3369 facile
1240 3314 1427 3386 cognoscitur.
1494 3348 1498 3354 ‚

323 3398 345 3469 ⁵)
364 3398 458 3471 Vulgo
477 3397 635 3454 adnectitur
653 3398 718 3453 huic
736 3397 823 3453 verbo
842 3400 994 3470 genitivus

323 3486 344 3554 ὅ)
362 3484 510 3557 Euripides
538 3483 670 3539 Heracles
689 3483 735 3537 11²
757 3503 784 3555 p.
799 3484 832 3538 12
843 3502 884 3556 sq.
929 3483 1030 3541 Confer
1058 3484 1161 3541 ibidem
1189 3505 1216 3557 p.
1230 3489 1261 3540 17
1281 3486 1317 3541 ad
1341 3486 1428 3542 verba

236 3571 343 3634 Μινύας
369 3572 501 3645 κρατήσας
528 3575 566 3637 (v.
578 3571 624 3641 50)
651 3570 734 3641 „Hem
752 3571 803 3627 hat
827 3570 1017 3628 Orchomenos
1040 3573 1241 3643 unterworfen,
1267 3573 1355 3629 daher
1378 3572 1428 3629 der

237 3676 305 3713 acc..
324 3660 438 3713 Μινυῶν
455 3657 587 3732 κρατήσας
606 3656 702 3713 wtirde
720 3677 772 3712 nur
791 3658 924 3730 besag'en,
943 3658 1008 3714 dass
1028 3678 1059 3714 er
1076 3661 1117 3714 sie
1130 3659 1303 3732 geschlagen
1322 3661 1427 3715 hatte“¹
1468 3695 1473 3702 ·

237 3743 354 3800 Casibus
373 3750 466 3800 autem
484 3745 553 3815 ipsis
573 3745 708 3799 contineri
727 3762 782 3799 non
801 3751 927 3815 possunt,
947 3764 1018 3817 quac
1037 3753 1114 3802 aute
1133 3764 1206 3803 nexu
1225 3748 1426 3802 sententiarum

236 3836 443 3905 cognoscuntur
470 3836 518 3886 aut
542 3832 688 3902 perspicue
713 3830 896 3902 exprimenda
915 3838 1003 3902 erant,
1031 3834 1085 3887 nisi
1106 3832 1188 3888 'facta
1215 3834 1287 3905 quae
1306 3851 1426 3889 comme-

237 3923 381 3973 morantur
399 3922 467 3972 nota
484 3922 557 3971 sunt.
598 3916 693 3987 Atque
713 3915 828 3971 obstant
845 3918 985 3989 permulta
1010 3919 1139 3990 exempla
1160 3919 1201 3974 illi
1223 3919 1428 3991 interpretandi

235 4007 338 4061 rationi
357 4003 434 4059 velut
454 4002 531 4057 Pind.
545 4001 623 4057 Nem.
637 4003 664 4056 X
682 4002 716 4056 25
734 4007 858 4072 ἐκράτησε
871 4046 877 4057 .
892 4050 896 4059 .
912 4004 1041 4058 ,Ἕλλανα
1059 4006 1173 4080 στρατὸν
1186 4008 1299 4061 Πυθῶνι
1317 4006 1426 4061 Thucl

237 4092 294 4162 109,
313 4093 329 4145 4
348 4097 510 4163 Αἰγυπτίους
525 4130 531 4143 .
544 4131 570 4144 ..
601 4088 679 4163 μάχῃ
706 4089 838 4163 ἐκράτησε,
867 4089 1031 4161 quibuscum
1060 4091 1185 4148 conferas
1212 4092 1265 4148 hoc
1289 4093 1426 4164 imprimis

236 4169 394 4249 exem'plum
414 4175 500 4249 Soph.
514 4175 546 4231 Ο.
559 4174 588 4232 C.
603 4177 670 4230 1385
680 4193 721 4247 sq.
741 4177 788 4246 γῆς
806 4182 936 4249 ἐμφυλίου
956 4178 1028 4251 δόρει
1046 4181 1182 4254 κρατῆσαι.
